[gd_scene load_steps=99 format=2]

[ext_resource path="res://Scenes/Actors/Tasks/WC.tscn" type="PackedScene" id=1]
[ext_resource path="res://Scenes/Actors/Tasks/BedAdult.tscn" type="PackedScene" id=2]
[ext_resource path="res://Scenes/CameraRig.tscn" type="PackedScene" id=3]
[ext_resource path="res://Scenes/Actors/Environment/Furnitures/Fridge.tscn" type="PackedScene" id=4]
[ext_resource path="res://Scenes/Actors/Environment/Furnitures/ChairBack.tscn" type="PackedScene" id=5]
[ext_resource path="res://Scenes/Actors/Environment/Furnitures/Sofa.tscn" type="PackedScene" id=6]
[ext_resource path="res://Scenes/Actors/Environment/Furnitures/Mirror.tscn" type="PackedScene" id=7]
[ext_resource path="res://Scenes/Actors/Environment/WallTrigger.tscn" type="PackedScene" id=8]
[ext_resource path="res://Scenes/Actors/Tasks/SinkBR.tscn" type="PackedScene" id=9]
[ext_resource path="res://Scenes/Actors/Environment/Furnitures/KitchenCounter_B.tscn" type="PackedScene" id=10]
[ext_resource path="res://Scenes/Actors/Woman.tscn" type="PackedScene" id=11]
[ext_resource path="res://Scenes/Actors/Environment/Furnitures/CoffeeTable.tscn" type="PackedScene" id=12]
[ext_resource path="res://Scenes/Actors/Environment/D_Coloured.tscn" type="PackedScene" id=13]
[ext_resource path="res://Scenes/Actors/Environment/Furnitures/TV.tscn" type="PackedScene" id=14]
[ext_resource path="res://Scenes/Actors/Environment/DynamicWalls/W_Adu_2.tscn" type="PackedScene" id=15]
[ext_resource path="res://Scenes/Actors/Tasks/Shower.tscn" type="PackedScene" id=16]
[ext_resource path="res://Scenes/Actors/Environment/Furnitures/ChairFront.tscn" type="PackedScene" id=17]
[ext_resource path="res://Scenes/Actors/Environment/Furnitures/Garland.tscn" type="PackedScene" id=18]
[ext_resource path="res://Scenes/Actors/Environment/Furnitures/WardrobeAdu_1.tscn" type="PackedScene" id=19]
[ext_resource path="res://Scenes/Actors/Environment/Furnitures/EntryDrawer.tscn" type="PackedScene" id=20]
[ext_resource path="res://Scenes/Actors/Tasks/ToMop/Puddle1.tscn" type="PackedScene" id=21]
[ext_resource path="res://Scenes/Actors/Environment/Furnitures/KitchenCounter_G.tscn" type="PackedScene" id=22]
[ext_resource path="res://Scenes/Actors/Environment/Furnitures/Pot_5.tscn" type="PackedScene" id=23]
[ext_resource path="res://Scenes/Actors/Tasks/Clothes.tscn" type="PackedScene" id=24]
[ext_resource path="res://Scenes/Actors/Environment/Furnitures/Pot_6.tscn" type="PackedScene" id=25]
[ext_resource path="res://Graphics/Decor/Objects/Salle_de_bain_WC/obj_tapis_sdb.png" type="Texture" id=26]
[ext_resource path="res://Resources/Tilesets/Floors.tres" type="TileSet" id=27]
[ext_resource path="res://Resources/Tilesets/Walls.tres" type="TileSet" id=28]
[ext_resource path="res://Graphics/Decor/Objects/Salle_de_bain_WC/obj_fenetre_sdbwc_2.png" type="Texture" id=29]
[ext_resource path="res://Graphics/Decor/Walls/mur_salon-cuisine_4_flip.png" type="Texture" id=30]
[ext_resource path="res://Graphics/Decor/Walls/mur_sdb_1_flip.png" type="Texture" id=31]
[ext_resource path="res://Graphics/Decor/Objects/Cuisine/obj_tapis_3.png" type="Texture" id=32]
[ext_resource path="res://Graphics/Decor/Objects/Cuisine/obj_etagere_1.png" type="Texture" id=33]
[ext_resource path="res://Graphics/Decor/Objects/Cuisine/obj_caisson.png" type="Texture" id=34]
[ext_resource path="res://Graphics/Decor/Objects/Cuisine/obj_pot_3.png" type="Texture" id=35]
[ext_resource path="res://Graphics/Decor/Objects/Cuisine/obj_tapis_2.png" type="Texture" id=36]
[ext_resource path="res://Graphics/Decor/Objects/Cuisine/obj_pot_4.png" type="Texture" id=37]
[ext_resource path="res://Graphics/Decor/Objects/Cuisine/obj_pot_1.png" type="Texture" id=38]
[ext_resource path="res://Graphics/Decor/Objects/Communs/obj_mobile.png" type="Texture" id=39]
[ext_resource path="res://Graphics/Decor/Objects/Communs/obj_cubes.png" type="Texture" id=40]
[ext_resource path="res://Graphics/Decor/Objects/Salon/obj_tapis_1.png" type="Texture" id=41]
[ext_resource path="res://Scenes/Actors/Tasks/BedChild1.tscn" type="PackedScene" id=42]
[ext_resource path="res://Scenes/Actors/Environment/Furnitures/Painting1.tscn" type="PackedScene" id=43]
[ext_resource path="res://Scenes/Actors/Environment/Furnitures/Pouffe_1.tscn" type="PackedScene" id=44]
[ext_resource path="res://Scenes/Actors/Environment/Furnitures/WashingMachine.tscn" type="PackedScene" id=45]
[ext_resource path="res://Scenes/Actors/Environment/Furnitures/SideboardPlus.tscn" type="PackedScene" id=46]
[ext_resource path="res://Scenes/Actors/Environment/DynamicWalls/W_SaCu_5.tscn" type="PackedScene" id=47]
[ext_resource path="res://Scenes/Actors/Environment/Furnitures/IroningBoard.tscn" type="PackedScene" id=48]
[ext_resource path="res://Scenes/Actors/Tasks/SinkKT.tscn" type="PackedScene" id=49]
[ext_resource path="res://Scenes/Actors/Environment/Furnitures/DishWasher.tscn" type="PackedScene" id=50]
[ext_resource path="res://Scenes/Actors/Environment/Furnitures/Sideboard_1.tscn" type="PackedScene" id=51]
[ext_resource path="res://Scenes/Actors/Environment/Furnitures/Portrait.tscn" type="PackedScene" id=52]
[ext_resource path="res://Scenes/Actors/Environment/DynamicWalls/W_Room.tscn" type="PackedScene" id=53]
[ext_resource path="res://Scenes/Actors/Environment/Furnitures/CarpetWC.tscn" type="PackedScene" id=54]
[ext_resource path="res://Scenes/Actors/Environment/D_White.tscn" type="PackedScene" id=55]
[ext_resource path="res://Scenes/Actors/Environment/DynamicWalls/W_SdE_1.tscn" type="PackedScene" id=56]
[ext_resource path="res://Scenes/Actors/Tasks/Oven.tscn" type="PackedScene" id=57]
[ext_resource path="res://Scenes/Actors/Environment/DynamicWalls/W_WC_1.tscn" type="PackedScene" id=58]
[ext_resource path="res://Scenes/Actors/Environment/DynamicWalls/W_WC_2.tscn" type="PackedScene" id=59]
[ext_resource path="res://Scenes/Actors/Environment/Furnitures/BedsideTableAdu.tscn" type="PackedScene" id=60]
[ext_resource path="res://Scenes/Actors/Environment/Furnitures/Pouffe_3.tscn" type="PackedScene" id=61]
[ext_resource path="res://Scenes/Actors/Tasks/ToMop/Leftover2.tscn" type="PackedScene" id=62]
[ext_resource path="res://Scenes/Actors/Environment/DynamicWalls/W_SaCu_4.tscn" type="PackedScene" id=63]
[ext_resource path="res://Scenes/Actors/Environment/DynamicWalls/W_Kid_1.tscn" type="PackedScene" id=64]
[ext_resource path="res://Scenes/Actors/Environment/DynamicWalls/W_SaCu_2.tscn" type="PackedScene" id=65]
[ext_resource path="res://Scenes/Actors/Environment/Furnitures/Lamp_1.tscn" type="PackedScene" id=66]
[ext_resource path="res://Scenes/Actors/Tasks/TrashCan.tscn" type="PackedScene" id=67]
[ext_resource path="res://Scenes/Actors/Tasks/TableSmall.tscn" type="PackedScene" id=68]
[ext_resource path="res://Scenes/Actors/Environment/Furnitures/KitchenCounter2_B.tscn" type="PackedScene" id=69]
[ext_resource path="res://Scenes/Actors/Environment/Furnitures/Pot_2.tscn" type="PackedScene" id=70]
[ext_resource path="res://Scenes/Actors/Environment/Furnitures/Painting2.tscn" type="PackedScene" id=71]
[ext_resource path="res://Scenes/Actors/Environment/Furnitures/WC_Window_1.tscn" type="PackedScene" id=72]
[ext_resource path="res://Scenes/Actors/Environment/DynamicWalls/W_SaCu_3.tscn" type="PackedScene" id=73]
[ext_resource path="res://Scenes/Actors/Environment/Furnitures/Dryer.tscn" type="PackedScene" id=74]
[ext_resource path="res://Scenes/Actors/Environment/Furnitures/WardrobeAduPlus.tscn" type="PackedScene" id=75]
[ext_resource path="res://Scenes/Actors/Environment/Furnitures/BedsideTableKid.tscn" type="PackedScene" id=76]
[ext_resource path="res://Scenes/Actors/Environment/Furnitures/WardrobeKidPlus.tscn" type="PackedScene" id=77]
[ext_resource path="res://Scenes/Actors/Environment/Furnitures/WardrobeKid_2.tscn" type="PackedScene" id=78]
[ext_resource path="res://Scenes/Actors/Environment/Furnitures/Stool.tscn" type="PackedScene" id=79]
[ext_resource path="res://Scenes/Actors/Man.tscn" type="PackedScene" id=80]
[ext_resource path="res://Scenes/Actors/Environment/Furnitures/SideboardPlus_B.tscn" type="PackedScene" id=81]
[ext_resource path="res://Scenes/Actors/Environment/Furnitures/EntryDrawer_B.tscn" type="PackedScene" id=82]
[ext_resource path="res://Scenes/Actors/Tasks/Plant1.tscn" type="PackedScene" id=83]
[ext_resource path="res://Scenes/Actors/Tasks/BedBaby.tscn" type="PackedScene" id=84]
[ext_resource path="res://Scenes/Actors/Environment/Furnitures/Sideboard_1_B.tscn" type="PackedScene" id=85]
[ext_resource path="res://Scenes/Actors/Tasks/ToMop/Mud1.tscn" type="PackedScene" id=86]
[ext_resource path="res://Scenes/Actors/Tasks/ToMop/Mud2.tscn" type="PackedScene" id=87]
[ext_resource path="res://Scenes/Actors/Environment/Furnitures/Sideboard_2_B.tscn" type="PackedScene" id=88]
[ext_resource path="res://Scenes/Actors/Environment/Furnitures/WardrobeAdu_1_B.tscn" type="PackedScene" id=89]
[ext_resource path="res://Scenes/Actors/Environment/Furnitures/Lamp_3.tscn" type="PackedScene" id=90]
[ext_resource path="res://Scenes/Actors/Environment/Furnitures/KitchenCounter2_G.tscn" type="PackedScene" id=91]
[ext_resource path="res://Scenes/Actors/Tasks/TableLarge.tscn" type="PackedScene" id=92]
[ext_resource path="res://Scenes/Actors/Tasks/Plant2.tscn" type="PackedScene" id=93]
[ext_resource path="res://Scenes/Actors/Tasks/TableBaby.tscn" type="PackedScene" id=94]
[ext_resource path="res://Scenes/Actors/Environment/DynamicWalls/W_Win_1.tscn" type="PackedScene" id=98]
[ext_resource path="res://Scenes/Actors/Environment/DynamicWalls/W_Win_3.tscn" type="PackedScene" id=99]
[ext_resource path="res://Scenes/Actors/Environment/DynamicWalls/W_Win_2.tscn" type="PackedScene" id=100]
[ext_resource path="res://Scenes/Actors/Environment/DynamicWalls/WW_Kid_1.tscn" type="PackedScene" id=102]

[node name="Level_14" type="Node2D"]

[node name="Floor" type="TileMap" parent="."]
mode = 1
tile_set = ExtResource( 27 )
cell_size = Vector2( 128, 64 )
collision_layer = 0
collision_mask = 0
format = 1
tile_data = PoolIntArray( -458736, 2, 0, -458735, 2, 0, -458734, 2, 0, -458733, 2, 0, -458732, 2, 0, -458731, 2, 0, -393200, 2, 0, -393199, 2, 0, -393198, 2, 0, -393197, 2, 0, -393196, 2, 0, -393195, 2, 0, -327664, 2, 0, -327663, 2, 0, -327662, 2, 0, -327661, 2, 0, -327660, 2, 0, -327659, 2, 0, -262128, 2, 0, -262127, 2, 0, -262126, 2, 0, -262125, 2, 0, -262124, 2, 0, -262123, 2, 0, -196592, 2, 0, -196591, 2, 0, -196590, 2, 0, -196589, 2, 0, -196588, 2, 0, -196587, 2, 0, -131056, 2, 0, -131055, 2, 0, -131054, 2, 0, -131053, 2, 0, -131052, 2, 0, -131051, 2, 0, -131047, 4, 0, -131046, 4, 0, -131045, 4, 0, -131044, 4, 0, -65522, 3, 0, -65521, 536870915, 0, -65520, 3, 0, -65519, 536870915, 0, -65518, 3, 0, -65517, 536870915, 0, -65516, 3, 0, -65515, 536870915, 0, -65511, 4, 0, -65510, 4, 0, -65509, 4, 0, -65508, 4, 0, 14, 536870915, 0, 15, 3, 0, 16, 536870915, 0, 17, 3, 0, 18, 536870915, 0, 19, 3, 0, 20, 536870915, 0, 21, 3, 0, 23, 4, 0, 24, 4, 0, 25, 4, 0, 26, 4, 0, 27, 4, 0, 28, 4, 0, 30, 1, 0, 31, 1, 0, 32, 1, 0, 33, 1, 0, 34, 1, 0, 65550, 3, 0, 65551, 536870915, 0, 65552, 3, 0, 65553, 536870915, 0, 65554, 3, 0, 65555, 536870915, 0, 65556, 3, 0, 65557, 536870915, 0, 65559, 4, 0, 65560, 4, 0, 65561, 4, 0, 65562, 4, 0, 65563, 4, 0, 65564, 4, 0, 65566, 1, 0, 65567, 1, 0, 65568, 1, 0, 65569, 1, 0, 65570, 1, 0, 131086, 536870915, 0, 131087, 3, 0, 131088, 536870915, 0, 131089, 3, 0, 131090, 536870915, 0, 131091, 3, 0, 131092, 536870915, 0, 131093, 3, 0, 131095, 4, 0, 131096, 4, 0, 131097, 4, 0, 131098, 4, 0, 131099, 4, 0, 131100, 4, 0, 131102, 1, 0, 131103, 1, 0, 131104, 1, 0, 131105, 1, 0, 131106, 1, 0, 196622, 3, 0, 196623, 536870915, 0, 196624, 3, 0, 196625, 536870915, 0, 196626, 3, 0, 196627, 536870915, 0, 196628, 3, 0, 196629, 536870915, 0, 196631, 4, 0, 196632, 4, 0, 196633, 4, 0, 196634, 4, 0, 196635, 4, 0, 196636, 4, 0, 196638, 1, 0, 196639, 1, 0, 196640, 1, 0, 196641, 1, 0, 196642, 1, 0, 262158, 536870915, 0, 262159, 3, 0, 262160, 536870915, 0, 262161, 3, 0, 262162, 536870915, 0, 262163, 3, 0, 262164, 536870915, 0, 262165, 3, 0, 262166, 3, 0, 262167, 3, 0, 262168, 3, 0, 262169, 3, 0, 262170, 3, 0, 262171, 3, 0, 262172, 3, 0, 262173, 3, 0, 262174, 1, 0, 262175, 1, 0, 262176, 1, 0, 262177, 1, 0, 262178, 1, 0, 327694, 3, 0, 327695, 536870915, 0, 327696, 3, 0, 327697, 536870915, 0, 327698, 3, 0, 327699, 536870915, 0, 327700, 3, 0, 327701, 536870915, 0, 327702, 3, 0, 327703, 3, 0, 327704, 3, 0, 327705, 3, 0, 327706, 3, 0, 327707, 3, 0, 327708, 3, 0, 327709, 3, 0, 327710, 1, 0, 327711, 1, 0, 327712, 1, 0, 327713, 1, 0, 327714, 1, 0, 393230, 536870915, 0, 393231, 3, 0, 393232, 536870915, 0, 393233, 3, 0, 393234, 536870915, 0, 393235, 3, 0, 393236, 536870915, 0, 393237, 3, 0, 393239, 0, 0, 393240, 0, 0, 393241, 0, 0, 393242, 0, 0, 393243, 0, 0, 393244, 0, 0, 393245, 0, 0, 458766, 3, 0, 458767, 536870915, 0, 458768, 3, 0, 458769, 536870915, 0, 458770, 3, 0, 458771, 536870915, 0, 458772, 3, 0, 458773, 536870915, 0, 458775, 0, 0, 458776, 0, 0, 458777, 0, 0, 458778, 0, 0, 458779, 0, 0, 458780, 0, 0, 458781, 0, 0, 524302, 536870915, 0, 524303, 3, 0, 524304, 536870915, 0, 524305, 3, 0, 524306, 536870915, 0, 524307, 3, 0, 524308, 536870915, 0, 524309, 3, 0, 524311, 0, 0, 524312, 0, 0, 524313, 0, 0, 524314, 0, 0, 524315, 0, 0, 524316, 0, 0, 524317, 0, 0, 589847, 0, 0, 589848, 0, 0, 589849, 0, 0, 589850, 0, 0, 589851, 0, 0, 589852, 0, 0, 589853, 0, 0, 655383, 0, 0, 655384, 0, 0, 655385, 0, 0, 655386, 0, 0, 655387, 0, 0, 655388, 0, 0, 655389, 0, 0, 720919, 0, 0, 720920, 0, 0, 720921, 0, 0, 720922, 0, 0, 720923, 0, 0, 720924, 0, 0, 720925, 0, 0 )

[node name="Walls" type="TileMap" parent="."]
mode = 1
tile_set = ExtResource( 28 )
cell_size = Vector2( 128, 64 )
collision_layer = 2
format = 1
tile_data = PoolIntArray( -524272, 29, 0, -524271, 29, 0, -524268, 29, 0, -524267, 29, 0, -458737, 18, 0, -393201, 18, 0, -327665, 18, 0, -262129, 18, 0, -196593, 18, 0, -196583, 33, 0, -196582, 33, 0, -196581, 33, 0, -196580, 33, 0, -131057, 18, 0, -131048, 30, 0, -65523, 24, 0, -65505, 21, 0, -65504, 21, 0, -65503, 21, 0, -65502, 21, 0, 13, 24, 0, 196621, 24, 0, 262157, 24, 0, 458765, 24, 0, 524301, 24, 0 )

[node name="StaticWall_2" type="Sprite" parent="."]
position = Vector2( 1632, 672 )
scale = Vector2( -1, 1 )
texture = ExtResource( 31 )

[node name="StaticBody2D" type="StaticBody2D" parent="StaticWall_2"]
position = Vector2( -4, 106 )
collision_layer = 2

[node name="CollisionPolygon2D" type="CollisionPolygon2D" parent="StaticWall_2/StaticBody2D"]
polygon = PoolVector2Array( -28, -18, 36, 14, 36, 22, -28, -10 )

[node name="Back_KT" type="Node2D" parent="."]

[node name="W_Win_2_" parent="Back_KT" instance=ExtResource( 100 )]
position = Vector2( 1664, 384 )

[node name="W_Win_3_" parent="Back_KT" instance=ExtResource( 99 )]
position = Vector2( 1600, 352 )

[node name="obj_tapis_2" type="Sprite" parent="Back_KT"]
position = Vector2( 1491.65, 450.324 )
texture = ExtResource( 36 )

[node name="obj_caisson_2" type="Sprite" parent="Back_KT"]
position = Vector2( 1344, 224 )
texture = ExtResource( 34 )

[node name="obj_caisson" type="Sprite" parent="Back_KT"]
position = Vector2( 1280, 256 )
texture = ExtResource( 34 )

[node name="obj_etagere_1" type="Sprite" parent="Back_KT"]
position = Vector2( 1788, 332 )
texture = ExtResource( 33 )

[node name="obj_etagere_2" type="Sprite" parent="Back_KT"]
position = Vector2( 1836, 356 )
texture = ExtResource( 33 )

[node name="obj_pot_1" type="Sprite" parent="Back_KT"]
position = Vector2( 1768, 304 )
texture = ExtResource( 38 )

[node name="obj_pot_3" type="Sprite" parent="Back_KT"]
position = Vector2( 1824, 336 )
texture = ExtResource( 35 )

[node name="obj_pot_4" type="Sprite" parent="Back_KT"]
position = Vector2( 1792, 320 )
texture = ExtResource( 37 )

[node name="Fridge" parent="Back_KT" instance=ExtResource( 4 )]
position = Vector2( 1472, 320 )
_SpritePath = NodePath("../../../Level_14/Back_KT/Fridge/Sprite")

[node name="SinkKT" parent="Back_KT" instance=ExtResource( 49 )]
position = Vector2( 1408, 352 )
_SpritePath = NodePath("../../../Level_14/Back_KT/SinkKT/Sprite")
_RigidBodyPath = NodePath("../../../Level_14/Back_KT/SinkKT/StaticBody2D")
_OutlinePath = NodePath("../../../Level_14/Back_KT/SinkKT/Outline")
_FXPath = NodePath("../../../Level_14/Back_KT/SinkKT/FX")

[node name="DishWasher" parent="Back_KT" instance=ExtResource( 50 )]
position = Vector2( 1344, 384 )
_SpritePath = NodePath("../../../Level_14/Back_KT/DishWasher/Sprite")

[node name="KitchenCounter_B" parent="Back_KT" instance=ExtResource( 10 )]
position = Vector2( 1280, 416 )
_SpritePath = NodePath("../../../Level_14/Back_KT/KitchenCounter_B/Sprite")

[node name="Oven" parent="Back_KT" instance=ExtResource( 57 )]
position = Vector2( 1216, 448 )
_SpritePath = NodePath("../../../Level_14/Back_KT/Oven/Sprite")
_RigidBodyPath = NodePath("../../../Level_14/Back_KT/Oven/StaticBody2D")
_OutlinePath = NodePath("../../../Level_14/Back_KT/Oven/Outline")
_FXPath = NodePath("../../../Level_14/Back_KT/Oven/FX")

[node name="KitchenCounter2_B" parent="Back_KT" instance=ExtResource( 69 )]
position = Vector2( 1152, 480 )
_SpritePath = NodePath("../../../Level_14/Back_KT/KitchenCounter2_B/Sprite")

[node name="Leftover2" parent="Back_KT" instance=ExtResource( 62 )]
position = Vector2( 1334, 488 )
_SpritePath = NodePath("../../../Level_14/Back_KT/Leftover2/Sprite")
_RigidBodyPath = NodePath("../../../Level_14/Back_KT/Leftover2/StaticBody2D")
_OutlinePath = NodePath("../../../Level_14/Back_KT/Leftover2/Outline")
_FXPath = NodePath("../../../Level_14/Back_KT/Leftover2/FX")

[node name="Back_Main" type="Node2D" parent="."]

[node name="StaticWall_1" type="Sprite" parent="Back_Main"]
position = Vector2( 992, 320 )
texture = ExtResource( 30 )

[node name="StaticBody2D" type="StaticBody2D" parent="Back_Main/StaticWall_1"]
position = Vector2( -4, 106 )
collision_layer = 2

[node name="CollisionPolygon2D" type="CollisionPolygon2D" parent="Back_Main/StaticWall_1/StaticBody2D"]
polygon = PoolVector2Array( -28, -18, 36, 14, 36, 22, -28, -10 )

[node name="StaticWall_2" type="Sprite" parent="Back_Main"]
position = Vector2( 1056, 352 )
texture = ExtResource( 30 )

[node name="StaticBody2D" type="StaticBody2D" parent="Back_Main/StaticWall_2"]
position = Vector2( -4, 106 )
collision_layer = 2

[node name="CollisionPolygon2D" type="CollisionPolygon2D" parent="Back_Main/StaticWall_2/StaticBody2D"]
polygon = PoolVector2Array( -28, -18, 36, 14, 36, 22, -28, -10 )

[node name="IroningBoard" parent="Back_Main" instance=ExtResource( 48 )]
position = Vector2( 936, 440 )
_SpritePath = NodePath("../../../Level_14/Back_Main/IroningBoard/Sprite")

[node name="obj_tapis_3" type="Sprite" parent="Back_Main"]
position = Vector2( 640, 880 )
rotation = 3.14159
scale = Vector2( 1, -1 )
texture = ExtResource( 32 )

[node name="obj_tapis_1" type="Sprite" parent="Back_Main"]
position = Vector2( 680, 712 )
texture = ExtResource( 41 )

[node name="Mud1" parent="Back_Main" instance=ExtResource( 86 )]
position = Vector2( 718, 850 )
scale = Vector2( -1, 1 )
_SpritePath = NodePath("../../../Level_14/Back_Main/Mud1/Sprite")
_RigidBodyPath = NodePath("../../../Level_14/Back_Main/Mud1/StaticBody2D")
_OutlinePath = NodePath("../../../Level_14/Back_Main/Mud1/Outline")
_FXPath = NodePath("../../../Level_14/Back_Main/Mud1/FX")

[node name="Mud2" parent="Back_Main" instance=ExtResource( 87 )]
position = Vector2( 1089.6, 853.846 )
rotation = -3.05433
_SpritePath = NodePath("../../../Level_14/Back_Main/Mud2/Sprite")
_RigidBodyPath = NodePath("../../../Level_14/Back_Main/Mud2/StaticBody2D")
_OutlinePath = NodePath("../../../Level_14/Back_Main/Mud2/Outline")
_FXPath = NodePath("../../../Level_14/Back_Main/Mud2/FX")

[node name="W_Win_1_" parent="Back_Main" instance=ExtResource( 98 )]
position = Vector2( 512, 640 )
scale = Vector2( -1, 1 )

[node name="W_Win_2_" parent="Back_Main" instance=ExtResource( 100 )]
position = Vector2( 576, 608 )
scale = Vector2( -1, 1 )

[node name="W_Win_3_" parent="Back_Main" instance=ExtResource( 99 )]
position = Vector2( 768, 512 )
scale = Vector2( -1, 1 )

[node name="W_Win_3__2" parent="Back_Main" instance=ExtResource( 99 )]
position = Vector2( 832, 480 )
scale = Vector2( -1, 1 )

[node name="obj_fenetre_sdbwc_2" type="Sprite" parent="."]
position = Vector2( 1856, 664 )
scale = Vector2( -1, 1 )
texture = ExtResource( 29 )

[node name="obj_tapis_sdb" type="Sprite" parent="."]
position = Vector2( 1472, 968 )
rotation = 3.14159
scale = Vector2( 1, -1 )
texture = ExtResource( 26 )

[node name="CarpetWC" parent="." instance=ExtResource( 54 )]
position = Vector2( 1304, 880 )
rotation = 3.14159
scale = Vector2( 1, -1 )
_SpritePath = NodePath("../../Level_14/CarpetWC/Sprite")
_STARTING_TRANSPARENT = true

[node name="Mud1" parent="." instance=ExtResource( 86 )]
position = Vector2( 1448, 1002 )
rotation = -0.349066
_SpritePath = NodePath("../../Level_14/Mud1/Sprite")
_RigidBodyPath = NodePath("../../Level_14/Mud1/StaticBody2D")
_OutlinePath = NodePath("../../Level_14/Mud1/Outline")
_FXPath = NodePath("../../Level_14/Mud1/FX")

[node name="Puddle1" parent="." instance=ExtResource( 21 )]
position = Vector2( 1804, 886 )
_SpritePath = NodePath("../../Level_14/Puddle1/Sprite")
_RigidBodyPath = NodePath("../../Level_14/Puddle1/StaticBody2D")
_OutlinePath = NodePath("../../Level_14/Puddle1/Outline")
_FXPath = NodePath("../../Level_14/Puddle1/FX")

[node name="MainWallTrigger" parent="." instance=ExtResource( 8 )]
visible = false
position = Vector2( 896, 640 )
_StartingEnabled = true
_ToHidePaths = [ NodePath("../Front_Main/D_Coloured_1"), NodePath("../YSort/YSort_Main/D_Coloured_2"), NodePath("../Front_Main/W_SaCu_4__8"), NodePath("../Front_Main/W_SaCu_4__9"), NodePath("../Front_Main/W_SaCu_4__10"), NodePath("../Front_Main/W_SaCu_4__11"), NodePath("../YSort/YSort_Main/W_SaCu_4__12"), NodePath("../YSort/YSort_Main/W_SaCu_4__13"), NodePath("../YSort/YSort_Main/W_SaCu_5_"), NodePath("../YSort/YSort_Main/W_SaCu_5__2"), NodePath("../YSort/YSort_Main/W_SaCu_5__3"), NodePath("../YSort/YSort_Main/W_SaCu_5__4"), NodePath("../YSort/YSort_Main/W_SaCu_5__5"), NodePath("../YSort/YSort_Main/W_SaCu_5__6"), NodePath("../YSort/YSort_Main/W_SaCu_5__7"), NodePath("../YSort/YSort_Main/W_SaCu_5__8"), NodePath("../YSort/YSort_WC/Painting1"), NodePath("../YSort/YSort_Adu/BedsideTableAdu/Lamp_1"), NodePath("../YSort/YSort_Adu/BedsideTableAdu_2/Lamp_1") ]
_ToFadePaths = [ NodePath("../YSort/YSort_WC/D_White"), NodePath("../YSort/YSort_Adu/Clothes"), NodePath("../YSort/YSort_Adu/BedAdult"), NodePath("../YSort/YSort_Adu/W_Adu_2__2"), NodePath("../YSort/YSort_Adu/W_Adu_2__17"), NodePath("../YSort/YSort_Adu/W_Adu_2__18"), NodePath("../YSort/YSort_Adu/W_Adu_2__19"), NodePath("../YSort/YSort_Adu/W_Adu_2__20"), NodePath("../YSort/YSort_Adu/W_Adu_2__21"), NodePath("../YSort/YSort_Adu/W_Adu_2__22"), NodePath("../YSort/YSort_Adu/W_Adu_2_"), NodePath("../YSort/YSort_WC/W_WC_2_"), NodePath("../YSort/YSort_WC/W_WC_2__2"), NodePath("../YSort/YSort_WC/W_WC_2__3"), NodePath("../YSort/YSort_WC/W_WC_2__4"), NodePath("../YSort/W_Room__4"), NodePath("../YSort/W_Room__8"), NodePath("../YSort/YSort_Adu/BedsideTableAdu"), NodePath("../YSort/YSort_Adu/BedsideTableAdu_2"), NodePath("../YSort/YSort_Adu/WardrobeAdu_1"), NodePath("../YSort/YSort_Adu/WardrobeAdu_1/WardrobeAduPlus"), NodePath("../YSort/YSort_WC/WC_Window_1"), NodePath("../YSort/YSort_WC/W_WC_1_"), NodePath("../YSort/YSort_WC/W_WC_1__2"), NodePath("../CarpetWC") ]

[node name="CollisionPolygon2D" type="CollisionPolygon2D" parent="MainWallTrigger"]
polygon = PoolVector2Array( 64, -224, 576, 32, -64, 352, -576, 96 )

[node name="KTWallTrigger" parent="." instance=ExtResource( 8 )]
visible = false
position = Vector2( 1408, 448 )
_ToHidePaths = [ NodePath("../YSort/YSort_KT/D_Coloured_3"), NodePath("../YSort/YSort_KT/W_SaCu_2_"), NodePath("../YSort/YSort_KT/W_SaCu_2__2"), NodePath("../Front_KT/W_SaCu_2__3"), NodePath("../Front_KT/W_SaCu_2__4"), NodePath("../Front_KT/W_SaCu_2__6"), NodePath("../Front_KT/W_SaCu_2__5"), NodePath("../YSort/YSort_KT/W_SaCu_4_"), NodePath("../YSort/YSort_KT/W_SaCu_4__2"), NodePath("../YSort/YSort_KT/W_SaCu_4__3"), NodePath("../YSort/YSort_KT/W_SaCu_4__4"), NodePath("../YSort/YSort_Main/W_SaCu_5__8"), NodePath("../YSort/YSort_Main/Painting2"), NodePath("../YSort/YSort_WC/Painting1") ]
_ToFadePaths = [ NodePath("../YSort/YSort_Main/W_SaCu_5__7"), NodePath("../YSort/YSort_Main/EntryDrawer"), NodePath("../YSort/YSort_Main/EntryDrawer/SideboardPlus"), NodePath("../YSort/YSort_Main/Sideboard_1"), NodePath("../YSort/YSort_Main/W_SaCu_5__6"), NodePath("../YSort/YSort_WC/W_WC_1__2"), NodePath("../YSort/YSort_WC/W_WC_1_"), NodePath("../YSort/YSort_WC/W_WC_2__4"), NodePath("../YSort/YSort_WC/WC_Window_1") ]

[node name="CollisionPolygon2D" type="CollisionPolygon2D" parent="KTWallTrigger"]
polygon = PoolVector2Array( 64, -160, 448, 32, 64, 224, -320, 32 )

[node name="AduWallTrigger" parent="." instance=ExtResource( 8 )]
visible = false
position = Vector2( 1088, 1120 )
_ToHidePaths = [ NodePath("../Front_Adu/W_Adu_2__5"), NodePath("../Front_Adu/W_Adu_2__6"), NodePath("../Front_Adu/W_Win_1_"), NodePath("../Front_Adu/W_Win_3_"), NodePath("../Front_Adu/W_Adu_2__9"), NodePath("../Front_Adu/W_Adu_2__10"), NodePath("../Front_Adu/W_Adu_2__11"), NodePath("../Front_Adu/W_Adu_2__12"), NodePath("../Front_Adu/W_Adu_2__13"), NodePath("../Front_Adu/W_Adu_2__14"), NodePath("../Front_Adu/W_Adu_2__15"), NodePath("../Front_Adu/W_Adu_2__16"), NodePath("../Front_Adu/W_Adu_2_23") ]
_ToFadePaths = [  ]

[node name="CollisionPolygon2D" type="CollisionPolygon2D" parent="AduWallTrigger"]
polygon = PoolVector2Array( 0, -192, 448, 32, 64, 224, -384, 0 )

[node name="Kid1WallTrigger" parent="." instance=ExtResource( 8 )]
visible = false
position = Vector2( 1888, 1120 )
_ToHidePaths = [ NodePath("../Front_Kid1/W_SaCu_3__4"), NodePath("../Front_Kid1/W_SaCu_3__5"), NodePath("../Front_Kid1/W_SaCu_3__6"), NodePath("../Front_Kid1/W_SaCu_3__7"), NodePath("../Front_Kid1/W_SaCu_3__8"), NodePath("../Front_Kid1/W_Kid_1__7"), NodePath("../Front_Kid1/W_Kid_1__8"), NodePath("../Front_Kid1/WW_Kid_1_"), NodePath("../Front_Kid1/WW_Kid_1__2"), NodePath("../Front_Kid1/W_Kid_1__11"), NodePath("../Front_Kid1/W_Kid_1__12") ]
_ToFadePaths = [  ]

[node name="CollisionPolygon2D" type="CollisionPolygon2D" parent="Kid1WallTrigger"]
polygon = PoolVector2Array( 32, -160, 352, 0, -32, 192, -352, 32 )

[node name="BRWallTrigger" parent="." instance=ExtResource( 8 )]
visible = false
position = Vector2( 1664, 896 )
_ToHidePaths = [ NodePath("../YSort/YSort_BR/D_White_2"), NodePath("../YSort/YSort_BR/W_Room__5"), NodePath("../YSort/YSort_BR/W_Room__6"), NodePath("../YSort/YSort_BR/W_SdE_1__5"), NodePath("../YSort/YSort_BR/W_SdE_1__6"), NodePath("../YSort/YSort_BR/W_SdE_1__7"), NodePath("../YSort/YSort_BR/W_SdE_1__8"), NodePath("../YSort/YSort_BR/W_SdE_1__9"), NodePath("../YSort/YSort_BR/W_SdE_1__10"), NodePath("../YSort/W_Room__7"), NodePath("../YSort/YSort_Kid1/Garland"), NodePath("../YSort/YSort_Kid1/BedsideTableKid/Portrait") ]
_ToFadePaths = [ NodePath("../YSort/YSort_Adu/D_White_4"), NodePath("../YSort/YSort_Adu/W_Adu_2__3"), NodePath("../YSort/YSort_Adu/W_Adu_2__4"), NodePath("../Front_Adu/W_Adu_2__16"), NodePath("../YSort/YSort_Adu/W_Adu_2_"), NodePath("../YSort/YSort_Adu/W_Adu_2__2"), NodePath("../YSort/YSort_Adu/WardrobeAdu_1"), NodePath("../YSort/YSort_Adu/WardrobeAdu_1/WardrobeAduPlus"), NodePath("../YSort/YSort_Adu/W_Adu_2__24"), NodePath("../YSort/YSort_Kid1/BedChild1"), NodePath("../YSort/YSort_Kid1/BedsideTableKid"), NodePath("../YSort/YSort_Kid1/W_Kid_1__3"), NodePath("../YSort/YSort_Kid1/W_Kid_1__4"), NodePath("../YSort/YSort_Kid1/W_Kid_1__5"), NodePath("../YSort/YSort_Kid1/W_Kid_1__6"), NodePath("../YSort/YSort_Kid1/W_SaCu_3_"), NodePath("../YSort/YSort_Kid1/D_White_5"), NodePath("../Front_Kid1/W_SaCu_3__4") ]

[node name="CollisionPolygon2D" type="CollisionPolygon2D" parent="BRWallTrigger"]
polygon = PoolVector2Array( 64, -160, 320, -32, -64, 160, -320, 32 )

[node name="WCWallTrigger" parent="." instance=ExtResource( 8 )]
visible = false
position = Vector2( 1408, 832 )
_ToHidePaths = [ NodePath("../YSort/YSort_WC/D_White"), NodePath("../YSort/YSort_BR/W_SdE_1_"), NodePath("../YSort/YSort_BR/W_SdE_1__2"), NodePath("../YSort/YSort_BR/W_SdE_1__3"), NodePath("../YSort/YSort_BR/W_SdE_1__4"), NodePath("../YSort/YSort_BR/W_Room__5"), NodePath("../YSort/YSort_BR/SinkBR/Mirror"), NodePath("../YSort/YSort_BR/KitchenCounter_G/Pot_2_"), NodePath("../YSort/YSort_BR/KitchenCounter_G/Pot_6_"), NodePath("../YSort/YSort_BR/KitchenCounter_G/Pot_5_") ]
_ToFadePaths = [ NodePath("../YSort/YSort_Adu/W_Adu_2__2"), NodePath("../YSort/YSort_Adu/W_Adu_2__3"), NodePath("../YSort/YSort_Adu/D_White_4"), NodePath("../YSort/YSort_BR/SinkBR"), NodePath("../YSort/YSort_BR/D_White_2"), NodePath("../YSort/YSort_BR/KitchenCounter_G"), NodePath("../YSort/YSort_BR/KitchenCounter_G_2"), NodePath("../YSort/YSort_BR/W_Room__6"), NodePath("../YSort/YSort_Adu/Clothes"), NodePath("../YSort/YSort_Adu/W_Adu_2_"), NodePath("../YSort/YSort_Adu/W_Adu_2__4"), NodePath("../YSort/YSort_Adu/WardrobeAdu_1"), NodePath("../YSort/YSort_Adu/WardrobeAdu_1/WardrobeAduPlus") ]

[node name="CollisionPolygon2D" type="CollisionPolygon2D" parent="WCWallTrigger"]
polygon = PoolVector2Array( 64, -96, 192, -32, -64, 96, -192, 32 )

[node name="Cor1WallTrigger" parent="." instance=ExtResource( 8 )]
visible = false
position = Vector2( 1344, 992 )
_ToHidePaths = [ NodePath("../YSort/W_Room__8"), NodePath("../YSort/YSort_Adu/W_Adu_2_"), NodePath("../YSort/YSort_Adu/W_Adu_2__2"), NodePath("../YSort/YSort_Adu/W_Adu_2__3"), NodePath("../YSort/YSort_Adu/D_White_4"), NodePath("../YSort/YSort_Adu/W_Adu_2__4"), NodePath("../YSort/YSort_Adu/W_Adu_2__24"), NodePath("../YSort/YSort_Kid1/D_White_5") ]
_ToFadePaths = [ NodePath("../YSort/YSort_Adu/W_Adu_2__22"), NodePath("../Front_Adu/W_Adu_2__16"), NodePath("../YSort/YSort_Adu/Clothes"), NodePath("../Front_Adu/W_Adu_2__15"), NodePath("../YSort/YSort_Adu/W_Adu_2__21"), NodePath("../YSort/YSort_Adu/WardrobeAdu_1"), NodePath("../YSort/YSort_Adu/WardrobeAdu_1/WardrobeAduPlus"), NodePath("../Front_Kid1/W_SaCu_3__4"), NodePath("../Front_Kid1/W_SaCu_3__5"), NodePath("../YSort/YSort_Adu/TableBaby"), NodePath("../YSort/YSort_Adu/BedBaby") ]

[node name="CollisionPolygon2D" type="CollisionPolygon2D" parent="Cor1WallTrigger"]
polygon = PoolVector2Array( 320, 96, 192, 160, -320, -96, -192, -160 )

[node name="InvisiWall" type="StaticBody2D" parent="."]
position = Vector2( 632, 896 )
rotation = 3.14159
scale = Vector2( 1, -1 )
collision_layer = 2
__meta__ = {
"_edit_group_": true
}

[node name="CollisionPolygon2D" type="CollisionPolygon2D" parent="InvisiWall"]
polygon = PoolVector2Array( -60, 28, 44, -24, 48, -20, -56, 32 )

[node name="YSort" type="YSort" parent="."]

[node name="Character_2" parent="YSort" instance=ExtResource( 80 )]
position = Vector2( 687.398, 889.857 )
_AnimatorHandlerPath = NodePath("../../../Level_14/YSort/Character_2/AnimationPlayer")
_StartingDirection = Vector2( 1, -1 )

[node name="Character" parent="YSort" instance=ExtResource( 11 )]
position = Vector2( 632.959, 861.796 )
_AnimatorHandlerPath = NodePath("../../../Level_14/YSort/Character/AnimationPlayer")
_StartingDirection = Vector2( 1, -1 )

[node name="YSort_Main" type="YSort" parent="YSort"]
position = Vector2( 832, 608 )

[node name="Painting2" parent="YSort/YSort_Main" instance=ExtResource( 71 )]
position = Vector2( 344, -88 )
rotation = 3.14159
scale = Vector2( 1, -1 )
_SpritePath = NodePath("../../../../Level_14/YSort/YSort_Main/Painting2/Sprite")

[node name="EntryDrawer" parent="YSort/YSort_Main" instance=ExtResource( 20 )]
position = Vector2( 272, -120 )
scale = Vector2( -1, 1 )
_SpritePath = NodePath("../../../../Level_14/YSort/YSort_Main/EntryDrawer/Sprite")

[node name="SideboardPlus" parent="YSort/YSort_Main/EntryDrawer" instance=ExtResource( 46 )]
position = Vector2( -6.10352e-05, -32 )
rotation = -8.74228e-08
_SpritePath = NodePath("../../../../../Level_14/YSort/YSort_Main/EntryDrawer/SideboardPlus/Sprite")

[node name="Sideboard_1" parent="YSort/YSort_Main" instance=ExtResource( 51 )]
position = Vector2( 336, -88 )
rotation = -3.14159
scale = Vector2( 1, -1 )
_SpritePath = NodePath("../../../../Level_14/YSort/YSort_Main/Sideboard_1/Sprite")

[node name="ChairFront" parent="YSort/YSort_Main" instance=ExtResource( 17 )]
position = Vector2( 208, -44 )
_SpritePath = NodePath("../../../../Level_14/YSort/YSort_Main/ChairFront/Sprite")

[node name="ChairFront_2" parent="YSort/YSort_Main" instance=ExtResource( 17 )]
position = Vector2( 282, 6 )
_SpritePath = NodePath("../../../../Level_14/YSort/YSort_Main/ChairFront_2/Sprite")

[node name="ChairBack" parent="YSort/YSort_Main" instance=ExtResource( 5 )]
position = Vector2( 52, 46 )
_SpritePath = NodePath("../../../../Level_14/YSort/YSort_Main/ChairBack/Sprite")

[node name="ChairBack_2" parent="YSort/YSort_Main" instance=ExtResource( 5 )]
position = Vector2( 86, 82 )
_SpritePath = NodePath("../../../../Level_14/YSort/YSort_Main/ChairBack_2/Sprite")

[node name="TableLarge" parent="YSort/YSort_Main" instance=ExtResource( 92 )]
position = Vector2( 150, 8 )
rotation = -3.14159
scale = Vector2( 1, -1 )
_SpritePath = NodePath("../../../../Level_14/YSort/YSort_Main/TableLarge/Sprite")
_RigidBodyPath = NodePath("../../../../Level_14/YSort/YSort_Main/TableLarge/StaticBody2D")
_OutlinePath = NodePath("../../../../Level_14/YSort/YSort_Main/TableLarge/Outline")
_FXPath = NodePath("../../../../Level_14/YSort/YSort_Main/TableLarge/FX")

[node name="Plant2" parent="YSort/YSort_Main" instance=ExtResource( 93 )]
position = Vector2( -162, -26 )
_SpritePath = NodePath("../../../../Level_14/YSort/YSort_Main/Plant2/Sprite")
_RigidBodyPath = NodePath("../../../../Level_14/YSort/YSort_Main/Plant2/StaticBody2D")
_OutlinePath = NodePath("../../../../Level_14/YSort/YSort_Main/Plant2/Outline")
_FXPath = NodePath("../../../../Level_14/YSort/YSort_Main/Plant2/FX")

[node name="Sofa" parent="YSort/YSort_Main" instance=ExtResource( 6 )]
position = Vector2( -158, 82 )
_SpritePath = NodePath("../../../../Level_14/YSort/YSort_Main/Sofa/Sprite")

[node name="TV" parent="YSort/YSort_Main" instance=ExtResource( 14 )]
position = Vector2( -336, 184 )
_SpritePath = NodePath("../../../../Level_14/YSort/YSort_Main/TV/Sprite")

[node name="Plant1" parent="YSort/YSort_Main" instance=ExtResource( 83 )]
position = Vector2( -466, 124 )
_SpritePath = NodePath("../../../../Level_14/YSort/YSort_Main/Plant1/Sprite")
_RigidBodyPath = NodePath("../../../../Level_14/YSort/YSort_Main/Plant1/StaticBody2D")
_OutlinePath = NodePath("../../../../Level_14/YSort/YSort_Main/Plant1/Outline")
_FXPath = NodePath("../../../../Level_14/YSort/YSort_Main/Plant1/FX")

[node name="Sideboard_2_B" parent="YSort/YSort_Main" instance=ExtResource( 88 )]
position = Vector2( -44.0001, 316 )
rotation = -3.14159
scale = Vector2( 1, -1 )
_SpritePath = NodePath("../../../../Level_14/YSort/YSort_Main/Sideboard_2_B/Sprite")

[node name="Lamp_3" parent="YSort/YSort_Main/Sideboard_2_B" instance=ExtResource( 90 )]
position = Vector2( 23.9999, -51.9999 )
_SpritePath = NodePath("../../../../../Level_14/YSort/YSort_Main/Sideboard_2_B/Lamp_3/Sprite")

[node name="D_Coloured_2" parent="YSort/YSort_Main" instance=ExtResource( 13 )]
position = Vector2( 256, 224 )
rotation = 3.14159
scale = Vector2( 1, -1 )
_SpritePath = NodePath("../../../../Level_14/YSort/YSort_Main/D_Coloured_2/Sprite")
_STARTING_LOWERED = true

[node name="W_SaCu_4__12" parent="YSort/YSort_Main" instance=ExtResource( 63 )]
position = Vector2( -128, 320 )
_SpritePath = NodePath("../../../../Level_14/YSort/YSort_Main/W_SaCu_4__12/Sprite")
_STARTING_LOWERED = true

[node name="W_SaCu_4__13" parent="YSort/YSort_Main" instance=ExtResource( 63 )]
position = Vector2( -64, 352 )
_SpritePath = NodePath("../../../../Level_14/YSort/YSort_Main/W_SaCu_4__13/Sprite")
_STARTING_LOWERED = true

[node name="W_SaCu_5_" parent="YSort/YSort_Main" instance=ExtResource( 47 )]
position = Vector2( 64, 352 )
rotation = 3.14159
scale = Vector2( 1, -1 )
_SpritePath = NodePath("../../../../Level_14/YSort/YSort_Main/W_SaCu_5_/Sprite")
_STARTING_LOWERED = true

[node name="W_SaCu_5__2" parent="YSort/YSort_Main" instance=ExtResource( 47 )]
position = Vector2( 128, 320 )
rotation = 3.14159
scale = Vector2( 1, -1 )
_SpritePath = NodePath("../../../../Level_14/YSort/YSort_Main/W_SaCu_5__2/Sprite")
_STARTING_LOWERED = true

[node name="W_SaCu_5__3" parent="YSort/YSort_Main" instance=ExtResource( 47 )]
position = Vector2( 192, 288 )
rotation = 3.14159
scale = Vector2( 1, -1 )
_SpritePath = NodePath("../../../../Level_14/YSort/YSort_Main/W_SaCu_5__3/Sprite")
_STARTING_LOWERED = true

[node name="W_SaCu_5__4" parent="YSort/YSort_Main" instance=ExtResource( 47 )]
position = Vector2( 384, 192 )
rotation = 3.14159
scale = Vector2( 1, -1 )
_SpritePath = NodePath("../../../../Level_14/YSort/YSort_Main/W_SaCu_5__4/Sprite")
_STARTING_LOWERED = true

[node name="W_SaCu_5__5" parent="YSort/YSort_Main" instance=ExtResource( 47 )]
position = Vector2( 448, 160 )
rotation = 3.14159
scale = Vector2( 1, -1 )
_SpritePath = NodePath("../../../../Level_14/YSort/YSort_Main/W_SaCu_5__5/Sprite")
_STARTING_LOWERED = true

[node name="W_SaCu_5__6" parent="YSort/YSort_Main" instance=ExtResource( 47 )]
position = Vector2( 512, 128 )
rotation = 3.14159
scale = Vector2( 1, -1 )
_SpritePath = NodePath("../../../../Level_14/YSort/YSort_Main/W_SaCu_5__6/Sprite")
_STARTING_LOWERED = true

[node name="W_SaCu_5__7" parent="YSort/YSort_Main" instance=ExtResource( 47 )]
position = Vector2( 576, 96 )
rotation = 3.14159
scale = Vector2( 1, -1 )
_SpritePath = NodePath("../../../../Level_14/YSort/YSort_Main/W_SaCu_5__7/Sprite")
_STARTING_LOWERED = true

[node name="W_SaCu_5__8" parent="YSort/YSort_Main" instance=ExtResource( 47 )]
position = Vector2( 640, 64 )
rotation = 3.14159
scale = Vector2( 1, -1 )
_SpritePath = NodePath("../../../../Level_14/YSort/YSort_Main/W_SaCu_5__8/Sprite")
_STARTING_LOWERED = true

[node name="YSort_KT" type="YSort" parent="YSort"]
position = Vector2( 1472, 416 )

[node name="TrashCan" parent="YSort/YSort_KT" instance=ExtResource( 67 )]
position = Vector2( -208, 120 )
_SpritePath = NodePath("../../../../Level_14/YSort/YSort_KT/TrashCan/Sprite")
_RigidBodyPath = NodePath("../../../../Level_14/YSort/YSort_KT/TrashCan/StaticBody2D")
_OutlinePath = NodePath("../../../../Level_14/YSort/YSort_KT/TrashCan/Outline")
_FXPath = NodePath("../../../../Level_14/YSort/YSort_KT/TrashCan/FX")

[node name="KitchenCounter2_B_2" parent="YSort/YSort_KT" instance=ExtResource( 69 )]
position = Vector2( -256, 95.9 )
_SpritePath = NodePath("../../../../Level_14/YSort/YSort_KT/KitchenCounter2_B_2/Sprite")

[node name="TableSmall" parent="YSort/YSort_KT" instance=ExtResource( 68 )]
position = Vector2( 192, 128 )
_SpritePath = NodePath("../../../../Level_14/YSort/YSort_KT/TableSmall/Sprite")
_RigidBodyPath = NodePath("../../../../Level_14/YSort/YSort_KT/TableSmall/StaticBody2D")
_OutlinePath = NodePath("../../../../Level_14/YSort/YSort_KT/TableSmall/Outline")
_FXPath = NodePath("../../../../Level_14/YSort/YSort_KT/TableSmall/FX")

[node name="ChairFront" parent="YSort/YSort_KT" instance=ExtResource( 17 )]
position = Vector2( 256, 96 )
_SpritePath = NodePath("../../../../Level_14/YSort/YSort_KT/ChairFront/Sprite")

[node name="ChairBack" parent="YSort/YSort_KT" instance=ExtResource( 5 )]
position = Vector2( 128, 160 )
_SpritePath = NodePath("../../../../Level_14/YSort/YSort_KT/ChairBack/Sprite")

[node name="D_Coloured_3" parent="YSort/YSort_KT" instance=ExtResource( 13 )]
position = Vector2( -128, 160 )
_SpritePath = NodePath("../../../../Level_14/YSort/YSort_KT/D_Coloured_3/Sprite")

[node name="W_SaCu_2_" parent="YSort/YSort_KT" instance=ExtResource( 65 )]
position = Vector2( 64, 224 )
scale = Vector2( -1, 1 )
_SpritePath = NodePath("../../../../Level_14/YSort/YSort_KT/W_SaCu_2_/Sprite")

[node name="W_SaCu_2__2" parent="YSort/YSort_KT" instance=ExtResource( 65 )]
position = Vector2( 128, 192 )
rotation = -3.14159
scale = Vector2( 1, -1 )
_SpritePath = NodePath("../../../../Level_14/YSort/YSort_KT/W_SaCu_2__2/Sprite")

[node name="W_SaCu_4_" parent="YSort/YSort_KT" instance=ExtResource( 63 )]
position = Vector2( -384, 64 )
_SpritePath = NodePath("../../../../Level_14/YSort/YSort_KT/W_SaCu_4_/Sprite")

[node name="W_SaCu_4__2" parent="YSort/YSort_KT" instance=ExtResource( 63 )]
position = Vector2( -320, 96 )
_SpritePath = NodePath("../../../../Level_14/YSort/YSort_KT/W_SaCu_4__2/Sprite")

[node name="W_SaCu_4__3" parent="YSort/YSort_KT" instance=ExtResource( 63 )]
position = Vector2( -256, 128 )
_SpritePath = NodePath("../../../../Level_14/YSort/YSort_KT/W_SaCu_4__3/Sprite")

[node name="W_SaCu_4__4" parent="YSort/YSort_KT" instance=ExtResource( 63 )]
position = Vector2( -64, 224 )
_SpritePath = NodePath("../../../../Level_14/YSort/YSort_KT/W_SaCu_4__4/Sprite")

[node name="YSort_WC" type="YSort" parent="YSort"]
position = Vector2( 1408, 768 )

[node name="WC_Window_1" parent="YSort/YSort_WC" instance=ExtResource( 72 )]
position = Vector2( 128, 0.1 )
scale = Vector2( -1, 1 )
_SpritePath = NodePath("../../../../Level_14/YSort/YSort_WC/WC_Window_1/Sprite")
_STARTING_TRANSPARENT = true

[node name="WC" parent="YSort/YSort_WC" instance=ExtResource( 1 )]
position = Vector2( 88, 8 )
rotation = 3.14159
scale = Vector2( 1, -1 )
_SpritePath = NodePath("../../../../Level_14/YSort/YSort_WC/WC/Sprite")
_RigidBodyPath = NodePath("../../../../Level_14/YSort/YSort_WC/WC/StaticBody2D")
_OutlinePath = NodePath("../../../../Level_14/YSort/YSort_WC/WC/Outline")
_FXPath = NodePath("../../../../Level_14/YSort/YSort_WC/WC/FX")

[node name="Painting1" parent="YSort/YSort_WC" instance=ExtResource( 43 )]
position = Vector2( -96, 40 )
_SpritePath = NodePath("../../../../Level_14/YSort/YSort_WC/Painting1/Sprite")
_STARTING_HIDDEN = true

[node name="D_White" parent="YSort/YSort_WC" instance=ExtResource( 55 )]
position = Vector2( -128, 96 )
_SpritePath = NodePath("../../../../Level_14/YSort/YSort_WC/D_White/Sprite")
_STARTING_TRANSPARENT = true

[node name="W_WC_1_" parent="YSort/YSort_WC" instance=ExtResource( 58 )]
position = Vector2( 64, -32 )
_SpritePath = NodePath("../../../../Level_14/YSort/YSort_WC/W_WC_1_/Sprite")
_STARTING_TRANSPARENT = true

[node name="W_WC_1__2" parent="YSort/YSort_WC" instance=ExtResource( 58 )]
position = Vector2( 128, 0 )
_SpritePath = NodePath("../../../../Level_14/YSort/YSort_WC/W_WC_1__2/Sprite")
_STARTING_TRANSPARENT = true

[node name="W_WC_2_" parent="YSort/YSort_WC" instance=ExtResource( 59 )]
position = Vector2( -128, 64 )
rotation = 3.14159
scale = Vector2( 1, -1 )
_SpritePath = NodePath("../../../../Level_14/YSort/YSort_WC/W_WC_2_/Sprite")
_STARTING_TRANSPARENT = true

[node name="W_WC_2__2" parent="YSort/YSort_WC" instance=ExtResource( 59 )]
position = Vector2( -64, 32 )
rotation = 3.14159
scale = Vector2( 1, -1 )
_SpritePath = NodePath("../../../../Level_14/YSort/YSort_WC/W_WC_2__2/Sprite")
_STARTING_TRANSPARENT = true

[node name="W_WC_2__3" parent="YSort/YSort_WC" instance=ExtResource( 59 )]
rotation = 3.14159
scale = Vector2( 1, -1 )
_SpritePath = NodePath("../../../../Level_14/YSort/YSort_WC/W_WC_2__3/Sprite")
_STARTING_TRANSPARENT = true

[node name="W_WC_2__4" parent="YSort/YSort_WC" instance=ExtResource( 59 )]
position = Vector2( 64, -32 )
rotation = 3.14159
scale = Vector2( 1, -1 )
_SpritePath = NodePath("../../../../Level_14/YSort/YSort_WC/W_WC_2__4/Sprite")
_STARTING_TRANSPARENT = true

[node name="YSort_BR" type="YSort" parent="YSort"]
position = Vector2( 1656, 832 )

[node name="Shower" parent="YSort/YSort_BR" instance=ExtResource( 16 )]
position = Vector2( 256, 24 )
scale = Vector2( -1, 1 )
_SpritePath = NodePath("../../../../Level_14/YSort/YSort_BR/Shower/Sprite")
_RigidBodyPath = NodePath("../../../../Level_14/YSort/YSort_BR/Shower/StaticBody2D")
_OutlinePath = NodePath("../../../../Level_14/YSort/YSort_BR/Shower/Outline")
_FXPath = NodePath("../../../../Level_14/YSort/YSort_BR/Shower/FX")

[node name="SinkBR" parent="YSort/YSort_BR" instance=ExtResource( 9 )]
position = Vector2( -72, 0 )
_SpritePath = NodePath("../../../../Level_14/YSort/YSort_BR/SinkBR/Sprite")
_RigidBodyPath = NodePath("../../../../Level_14/YSort/YSort_BR/SinkBR/StaticBody2D")
_OutlinePath = NodePath("../../../../Level_14/YSort/YSort_BR/SinkBR/Outline")
_FXPath = NodePath("../../../../Level_14/YSort/YSort_BR/SinkBR/FX")

[node name="Mirror" parent="YSort/YSort_BR/SinkBR" instance=ExtResource( 7 )]
show_behind_parent = true
position = Vector2( -24, -136 )
rotation = -2.53518e-06
_SpritePath = NodePath("../../../../../Level_14/YSort/YSort_BR/SinkBR/Mirror/Sprite")

[node name="KitchenCounter_G" parent="YSort/YSort_BR" instance=ExtResource( 22 )]
position = Vector2( -184, 63.9 )
_SpritePath = NodePath("../../../../Level_14/YSort/YSort_BR/KitchenCounter_G/Sprite")

[node name="Pot_2_" parent="YSort/YSort_BR/KitchenCounter_G" instance=ExtResource( 70 )]
position = Vector2( 8, -80 )
_SpritePath = NodePath("../../../../../Level_14/YSort/YSort_BR/KitchenCounter_G/Pot_2_/Sprite")

[node name="Pot_6_" parent="YSort/YSort_BR/KitchenCounter_G" instance=ExtResource( 25 )]
position = Vector2( 0, -64 )
_SpritePath = NodePath("../../../../../Level_14/YSort/YSort_BR/KitchenCounter_G/Pot_6_/Sprite")

[node name="Pot_5_" parent="YSort/YSort_BR/KitchenCounter_G" instance=ExtResource( 23 )]
position = Vector2( 32, -64 )
_SpritePath = NodePath("../../../../../Level_14/YSort/YSort_BR/KitchenCounter_G/Pot_5_/Sprite")

[node name="KitchenCounter_G_2" parent="YSort/YSort_BR" instance=ExtResource( 22 )]
position = Vector2( -248, 95.9 )
_SpritePath = NodePath("../../../../Level_14/YSort/YSort_BR/KitchenCounter_G_2/Sprite")

[node name="KitchenCounter2_G" parent="YSort/YSort_BR" instance=ExtResource( 91 )]
position = Vector2( 8, 160 )
_SpritePath = NodePath("../../../../Level_14/YSort/YSort_BR/KitchenCounter2_G/Sprite")

[node name="Dryer" parent="YSort/YSort_BR" instance=ExtResource( 74 )]
position = Vector2( 88, -56 )
scale = Vector2( -1, 1 )
_SpritePath = NodePath("../../../../Level_14/YSort/YSort_BR/Dryer/Sprite")

[node name="WashingMachine" parent="YSort/YSort_BR" instance=ExtResource( 45 )]
position = Vector2( 152, -24 )
scale = Vector2( -1, 1 )
_SpritePath = NodePath("../../../../Level_14/YSort/YSort_BR/WashingMachine/Sprite")

[node name="D_White_2" parent="YSort/YSort_BR" instance=ExtResource( 55 )]
position = Vector2( -184, 128 )
_SpritePath = NodePath("../../../../Level_14/YSort/YSort_BR/D_White_2/Sprite")

[node name="W_Room__5" parent="YSort/YSort_BR" instance=ExtResource( 53 )]
position = Vector2( -312, 96 )
_SpritePath = NodePath("../../../../Level_14/YSort/YSort_BR/W_Room__5/Sprite")

[node name="W_Room__6" parent="YSort/YSort_BR" instance=ExtResource( 53 )]
position = Vector2( -120, 192 )
_SpritePath = NodePath("../../../../Level_14/YSort/YSort_BR/W_Room__6/Sprite")

[node name="W_SdE_1_" parent="YSort/YSort_BR" instance=ExtResource( 56 )]
position = Vector2( -248, 64 )
rotation = 3.14159
scale = Vector2( 1, -1 )
_SpritePath = NodePath("../../../../Level_14/YSort/YSort_BR/W_SdE_1_/Sprite")

[node name="W_SdE_1__2" parent="YSort/YSort_BR" instance=ExtResource( 56 )]
position = Vector2( -184, 32 )
rotation = 3.14159
scale = Vector2( 1, -1 )
_SpritePath = NodePath("../../../../Level_14/YSort/YSort_BR/W_SdE_1__2/Sprite")

[node name="W_SdE_1__3" parent="YSort/YSort_BR" instance=ExtResource( 56 )]
position = Vector2( -120, 0 )
rotation = 3.14159
scale = Vector2( 1, -1 )
_SpritePath = NodePath("../../../../Level_14/YSort/YSort_BR/W_SdE_1__3/Sprite")

[node name="W_SdE_1__4" parent="YSort/YSort_BR" instance=ExtResource( 56 )]
position = Vector2( -56, -32 )
rotation = 3.14159
scale = Vector2( 1, -1 )
_SpritePath = NodePath("../../../../Level_14/YSort/YSort_BR/W_SdE_1__4/Sprite")

[node name="W_SdE_1__5" parent="YSort/YSort_BR" instance=ExtResource( 56 )]
position = Vector2( 8, 192 )
rotation = 3.14159
scale = Vector2( 1, -1 )
_SpritePath = NodePath("../../../../Level_14/YSort/YSort_BR/W_SdE_1__5/Sprite")

[node name="W_SdE_1__6" parent="YSort/YSort_BR" instance=ExtResource( 56 )]
position = Vector2( 72, 160 )
rotation = 3.14159
scale = Vector2( 1, -1 )
_SpritePath = NodePath("../../../../Level_14/YSort/YSort_BR/W_SdE_1__6/Sprite")

[node name="W_SdE_1__7" parent="YSort/YSort_BR" instance=ExtResource( 56 )]
position = Vector2( 136, 128 )
rotation = 3.14159
scale = Vector2( 1, -1 )
_SpritePath = NodePath("../../../../Level_14/YSort/YSort_BR/W_SdE_1__7/Sprite")

[node name="W_SdE_1__8" parent="YSort/YSort_BR" instance=ExtResource( 56 )]
position = Vector2( 200, 96 )
rotation = 3.14159
scale = Vector2( 1, -1 )
_SpritePath = NodePath("../../../../Level_14/YSort/YSort_BR/W_SdE_1__8/Sprite")

[node name="W_SdE_1__9" parent="YSort/YSort_BR" instance=ExtResource( 56 )]
position = Vector2( 264, 64 )
rotation = 3.14159
scale = Vector2( 1, -1 )
_SpritePath = NodePath("../../../../Level_14/YSort/YSort_BR/W_SdE_1__9/Sprite")

[node name="W_SdE_1__10" parent="YSort/YSort_BR" instance=ExtResource( 56 )]
position = Vector2( 328, 32 )
rotation = 3.14159
scale = Vector2( 1, -1 )
_SpritePath = NodePath("../../../../Level_14/YSort/YSort_BR/W_SdE_1__10/Sprite")

[node name="YSort_Kid1" type="YSort" parent="YSort"]
position = Vector2( 1888, 1104 )

[node name="BedsideTableKid" parent="YSort/YSort_Kid1" instance=ExtResource( 76 )]
position = Vector2( 28, -120 )
_SpritePath = NodePath("../../../../Level_14/YSort/YSort_Kid1/BedsideTableKid/Sprite")

[node name="Portrait" parent="YSort/YSort_Kid1/BedsideTableKid" instance=ExtResource( 52 )]
position = Vector2( -4, -32 )
_SpritePath = NodePath("../../../../../Level_14/YSort/YSort_Kid1/BedsideTableKid/Portrait/Sprite")

[node name="WardrobeKid_2" parent="YSort/YSort_Kid1" instance=ExtResource( 78 )]
position = Vector2( 272, 0 )
scale = Vector2( -1, 1 )
_SpritePath = NodePath("../../../../Level_14/YSort/YSort_Kid1/WardrobeKid_2/Sprite")

[node name="WardrobeKidPlus" parent="YSort/YSort_Kid1/WardrobeKid_2" instance=ExtResource( 77 )]
position = Vector2( 0, -56 )
_SpritePath = NodePath("../../../../../Level_14/YSort/YSort_Kid1/WardrobeKid_2/WardrobeKidPlus/Sprite")

[node name="BedChild1" parent="YSort/YSort_Kid1" instance=ExtResource( 42 )]
position = Vector2( 40, -48 )
_SpritePath = NodePath("../../../../Level_14/YSort/YSort_Kid1/BedChild1/Sprite")
_RigidBodyPath = NodePath("../../../../Level_14/YSort/YSort_Kid1/BedChild1/StaticBody2D")
_OutlinePath = NodePath("../../../../Level_14/YSort/YSort_Kid1/BedChild1/Outline")
_FXPath = NodePath("../../../../Level_14/YSort/YSort_Kid1/BedChild1/FX")

[node name="Garland" parent="YSort/YSort_Kid1" instance=ExtResource( 18 )]
position = Vector2( -72, -56 )
rotation = -3.14159
scale = Vector2( 1, -1 )
_SpritePath = NodePath("../../../../Level_14/YSort/YSort_Kid1/Garland/Sprite")

[node name="Sideboard_1_B" parent="YSort/YSort_Kid1" instance=ExtResource( 85 )]
position = Vector2( -168, 96 )
rotation = -3.14159
scale = Vector2( 1, -1 )
_SpritePath = NodePath("../../../../Level_14/YSort/YSort_Kid1/Sideboard_1_B/Sprite")

[node name="EntryDrawer_B" parent="YSort/YSort_Kid1" instance=ExtResource( 82 )]
position = Vector2( -120, 120 )
_SpritePath = NodePath("../../../../Level_14/YSort/YSort_Kid1/EntryDrawer_B/Sprite")

[node name="SideboardPlus_B" parent="YSort/YSort_Kid1/EntryDrawer_B" instance=ExtResource( 81 )]
position = Vector2( 0, -40 )
_SpritePath = NodePath("../../../../../Level_14/YSort/YSort_Kid1/EntryDrawer_B/SideboardPlus_B/Sprite")

[node name="CoffeeTable" parent="YSort/YSort_Kid1" instance=ExtResource( 12 )]
position = Vector2( 32, 120 )
_SpritePath = NodePath("../../../../Level_14/YSort/YSort_Kid1/CoffeeTable/Sprite")

[node name="Stool" parent="YSort/YSort_Kid1" instance=ExtResource( 79 )]
position = Vector2( -16, 152 )
_SpritePath = NodePath("../../../../Level_14/YSort/YSort_Kid1/Stool/Sprite")

[node name="Stool_2" parent="YSort/YSort_Kid1" instance=ExtResource( 79 )]
position = Vector2( 88, 96 )
_SpritePath = NodePath("../../../../Level_14/YSort/YSort_Kid1/Stool_2/Sprite")

[node name="D_White_5" parent="YSort/YSort_Kid1" instance=ExtResource( 55 )]
position = Vector2( -288, -16 )
scale = Vector2( -1, 1 )
_SpritePath = NodePath("../../../../Level_14/YSort/YSort_Kid1/D_White_5/Sprite")

[node name="W_Kid_1__3" parent="YSort/YSort_Kid1" instance=ExtResource( 64 )]
position = Vector2( -160, -48 )
rotation = 3.14159
scale = Vector2( 1, -1 )
_SpritePath = NodePath("../../../../Level_14/YSort/YSort_Kid1/W_Kid_1__3/Sprite")

[node name="W_Kid_1__4" parent="YSort/YSort_Kid1" instance=ExtResource( 64 )]
position = Vector2( -96, -80 )
rotation = 3.14159
scale = Vector2( 1, -1 )
_SpritePath = NodePath("../../../../Level_14/YSort/YSort_Kid1/W_Kid_1__4/Sprite")

[node name="W_Kid_1__5" parent="YSort/YSort_Kid1" instance=ExtResource( 64 )]
position = Vector2( -32, -112 )
rotation = 3.14159
scale = Vector2( 1, -1 )
_SpritePath = NodePath("../../../../Level_14/YSort/YSort_Kid1/W_Kid_1__5/Sprite")

[node name="W_Kid_1__6" parent="YSort/YSort_Kid1" instance=ExtResource( 64 )]
position = Vector2( 32, -144 )
rotation = 3.14159
scale = Vector2( 1, -1 )
_SpritePath = NodePath("../../../../Level_14/YSort/YSort_Kid1/W_Kid_1__6/Sprite")

[node name="W_SaCu_3_" parent="YSort/YSort_Kid1" instance=ExtResource( 73 )]
position = Vector2( 32, -144 )
_SpritePath = NodePath("../../../../Level_14/YSort/YSort_Kid1/W_SaCu_3_/Sprite")

[node name="YSort_Adu" type="YSort" parent="YSort"]
position = Vector2( 1088, 1064 )

[node name="BedsideTableAdu" parent="YSort/YSort_Adu" instance=ExtResource( 60 )]
position = Vector2( -328, 40 )
_SpritePath = NodePath("../../../../Level_14/YSort/YSort_Adu/BedsideTableAdu/Sprite")
_STARTING_TRANSPARENT = true

[node name="Lamp_1" parent="YSort/YSort_Adu/BedsideTableAdu" instance=ExtResource( 66 )]
position = Vector2( 0, -36 )
scale = Vector2( -1, 1 )
_SpritePath = NodePath("../../../../../Level_14/YSort/YSort_Adu/BedsideTableAdu/Lamp_1/Sprite")
_STARTING_HIDDEN = true

[node name="BedsideTableAdu_2" parent="YSort/YSort_Adu" instance=ExtResource( 60 )]
position = Vector2( -176, -36 )
_SpritePath = NodePath("../../../../Level_14/YSort/YSort_Adu/BedsideTableAdu_2/Sprite")
_STARTING_TRANSPARENT = true

[node name="Lamp_1" parent="YSort/YSort_Adu/BedsideTableAdu_2" instance=ExtResource( 66 )]
position = Vector2( 0, -36 )
scale = Vector2( -1, 1 )
_SpritePath = NodePath("../../../../../Level_14/YSort/YSort_Adu/BedsideTableAdu_2/Lamp_1/Sprite")
_STARTING_HIDDEN = true

[node name="WardrobeAdu_1" parent="YSort/YSort_Adu" instance=ExtResource( 19 )]
position = Vector2( 48, -88 )
rotation = 3.14159
scale = Vector2( 1, -1 )
_SpritePath = NodePath("../../../../Level_14/YSort/YSort_Adu/WardrobeAdu_1/Sprite")
_STARTING_TRANSPARENT = true

[node name="WardrobeAduPlus" parent="YSort/YSort_Adu/WardrobeAdu_1" instance=ExtResource( 75 )]
position = Vector2( -0.00012207, -56 )
_SpritePath = NodePath("../../../../../Level_14/YSort/YSort_Adu/WardrobeAdu_1/WardrobeAduPlus/Sprite")
_STARTING_TRANSPARENT = true

[node name="Clothes" parent="YSort/YSort_Adu" instance=ExtResource( 24 )]
position = Vector2( -96, -72 )
_SpritePath = NodePath("../../../../Level_14/YSort/YSort_Adu/Clothes/Sprite")
_STARTING_TRANSPARENT = true
_RigidBodyPath = NodePath("../../../../Level_14/YSort/YSort_Adu/Clothes/StaticBody2D")
_OutlinePath = NodePath("../../../../Level_14/YSort/YSort_Adu/Clothes/Outline")
_FXPath = NodePath("../../../../Level_14/YSort/YSort_Adu/Clothes/FX")

[node name="BedAdult" parent="YSort/YSort_Adu" instance=ExtResource( 2 )]
position = Vector2( -184, 16 )
_SpritePath = NodePath("../../../../Level_14/YSort/YSort_Adu/BedAdult/Sprite")
_STARTING_TRANSPARENT = true
_RigidBodyPath = NodePath("../../../../Level_14/YSort/YSort_Adu/BedAdult/StaticBody2D")
_OutlinePath = NodePath("../../../../Level_14/YSort/YSort_Adu/BedAdult/Outline")
_FXPath = NodePath("../../../../Level_14/YSort/YSort_Adu/BedAdult/FX")

[node name="Pouffe_1_" parent="YSort/YSort_Adu" instance=ExtResource( 44 )]
position = Vector2( -24, 184 )
_SpritePath = NodePath("../../../../Level_14/YSort/YSort_Adu/Pouffe_1_/Sprite")

[node name="Pouffe_3_" parent="YSort/YSort_Adu" instance=ExtResource( 61 )]
position = Vector2( 80, 128 )
_SpritePath = NodePath("../../../../Level_14/YSort/YSort_Adu/Pouffe_3_/Sprite")

[node name="TV" parent="YSort/YSort_Adu" instance=ExtResource( 14 )]
position = Vector2( 144, 208 )
rotation = 3.14159
scale = Vector2( 1, -1 )
_SpritePath = NodePath("../../../../Level_14/YSort/YSort_Adu/TV/Sprite")

[node name="BedBaby" parent="YSort/YSort_Adu" instance=ExtResource( 84 )]
position = Vector2( 352, 96 )
_SpritePath = NodePath("../../../../Level_14/YSort/YSort_Adu/BedBaby/Sprite")
_RigidBodyPath = NodePath("../../../../Level_14/YSort/YSort_Adu/BedBaby/StaticBody2D")
_OutlinePath = NodePath("../../../../Level_14/YSort/YSort_Adu/BedBaby/Outline")
_FXPath = NodePath("../../../../Level_14/YSort/YSort_Adu/BedBaby/FX")

[node name="TableBaby" parent="YSort/YSort_Adu" instance=ExtResource( 94 )]
position = Vector2( 304, 40 )
scale = Vector2( -1, 1 )
_SpritePath = NodePath("../../../../Level_14/YSort/YSort_Adu/TableBaby/Sprite")
_RigidBodyPath = NodePath("../../../../Level_14/YSort/YSort_Adu/TableBaby/StaticBody2D")
_OutlinePath = NodePath("../../../../Level_14/YSort/YSort_Adu/TableBaby/Outline")
_FXPath = NodePath("../../../../Level_14/YSort/YSort_Adu/TableBaby/FX")

[node name="WardrobeAdu_1_B" parent="YSort/YSort_Adu" instance=ExtResource( 89 )]
position = Vector2( 248, 152 )
_SpritePath = NodePath("../../../../Level_14/YSort/YSort_Adu/WardrobeAdu_1_B/Sprite")

[node name="obj_cubes" type="Sprite" parent="YSort/YSort_Adu/WardrobeAdu_1_B"]
position = Vector2( 24, -80 )
texture = ExtResource( 40 )

[node name="D_White_4" parent="YSort/YSort_Adu" instance=ExtResource( 55 )]
position = Vector2( 192, -72 )
_SpritePath = NodePath("../../../../Level_14/YSort/YSort_Adu/D_White_4/Sprite")

[node name="W_Adu_2_" parent="YSort/YSort_Adu" instance=ExtResource( 15 )]
position = Vector2( 0, -136 )
_SpritePath = NodePath("../../../../Level_14/YSort/YSort_Adu/W_Adu_2_/Sprite")
_STARTING_TRANSPARENT = true

[node name="W_Adu_2__2" parent="YSort/YSort_Adu" instance=ExtResource( 15 )]
position = Vector2( 64, -104 )
_SpritePath = NodePath("../../../../Level_14/YSort/YSort_Adu/W_Adu_2__2/Sprite")
_STARTING_TRANSPARENT = true

[node name="W_Adu_2__3" parent="YSort/YSort_Adu" instance=ExtResource( 15 )]
position = Vector2( 256, -8 )
_SpritePath = NodePath("../../../../Level_14/YSort/YSort_Adu/W_Adu_2__3/Sprite")

[node name="W_Adu_2__4" parent="YSort/YSort_Adu" instance=ExtResource( 15 )]
position = Vector2( 320, 24 )
_SpritePath = NodePath("../../../../Level_14/YSort/YSort_Adu/W_Adu_2__4/Sprite")

[node name="W_Adu_2__17" parent="YSort/YSort_Adu" instance=ExtResource( 15 )]
position = Vector2( -320, 24 )
rotation = 3.14159
scale = Vector2( 1, -1 )
_SpritePath = NodePath("../../../../Level_14/YSort/YSort_Adu/W_Adu_2__17/Sprite")
_STARTING_TRANSPARENT = true

[node name="W_Adu_2__18" parent="YSort/YSort_Adu" instance=ExtResource( 15 )]
position = Vector2( -256, -8 )
rotation = 3.14159
scale = Vector2( 1, -1 )
_SpritePath = NodePath("../../../../Level_14/YSort/YSort_Adu/W_Adu_2__18/Sprite")
_STARTING_TRANSPARENT = true

[node name="W_Adu_2__19" parent="YSort/YSort_Adu" instance=ExtResource( 15 )]
position = Vector2( -192, -40 )
rotation = 3.14159
scale = Vector2( 1, -1 )
_SpritePath = NodePath("../../../../Level_14/YSort/YSort_Adu/W_Adu_2__19/Sprite")
_STARTING_TRANSPARENT = true

[node name="W_Adu_2__20" parent="YSort/YSort_Adu" instance=ExtResource( 15 )]
position = Vector2( -128, -72 )
rotation = 3.14159
scale = Vector2( 1, -1 )
_SpritePath = NodePath("../../../../Level_14/YSort/YSort_Adu/W_Adu_2__20/Sprite")
_STARTING_TRANSPARENT = true

[node name="W_Adu_2__21" parent="YSort/YSort_Adu" instance=ExtResource( 15 )]
position = Vector2( -64, -104 )
rotation = 3.14159
scale = Vector2( 1, -1 )
_SpritePath = NodePath("../../../../Level_14/YSort/YSort_Adu/W_Adu_2__21/Sprite")
_STARTING_TRANSPARENT = true

[node name="W_Adu_2__22" parent="YSort/YSort_Adu" instance=ExtResource( 15 )]
position = Vector2( 0, -136 )
rotation = 3.14159
scale = Vector2( 1, -1 )
_SpritePath = NodePath("../../../../Level_14/YSort/YSort_Adu/W_Adu_2__22/Sprite")
_STARTING_TRANSPARENT = true

[node name="W_Adu_2__24" parent="YSort/YSort_Adu" instance=ExtResource( 15 )]
position = Vector2( 384, 56 )
_SpritePath = NodePath("../../../../Level_14/YSort/YSort_Adu/W_Adu_2__24/Sprite")

[node name="W_Room__4" parent="YSort" instance=ExtResource( 53 )]
position = Vector2( 1152, 832 )
_SpritePath = NodePath("../../../Level_14/YSort/W_Room__4/Sprite")
_STARTING_TRANSPARENT = true

[node name="W_Room__7" parent="YSort" instance=ExtResource( 53 )]
position = Vector2( 1600, 1056 )
_SpritePath = NodePath("../../../Level_14/YSort/W_Room__7/Sprite")

[node name="W_Room__8" parent="YSort" instance=ExtResource( 53 )]
position = Vector2( 1024, 896 )
_SpritePath = NodePath("../../../Level_14/YSort/W_Room__8/Sprite")
_STARTING_TRANSPARENT = true

[node name="Front_KT" type="Node2D" parent="."]
position = Vector2( 1664, 576 )
rotation = 3.14159
scale = Vector2( 1, -1 )

[node name="W_SaCu_2__3" parent="Front_KT" instance=ExtResource( 65 )]
_SpritePath = NodePath("../../../Level_14/Front_KT/W_SaCu_2__3/Sprite")

[node name="W_SaCu_2__4" parent="Front_KT" instance=ExtResource( 65 )]
position = Vector2( -64, -32 )
_SpritePath = NodePath("../../../Level_14/Front_KT/W_SaCu_2__4/Sprite")

[node name="W_SaCu_2__5" parent="Front_KT" instance=ExtResource( 65 )]
position = Vector2( -128, -64 )
_SpritePath = NodePath("../../../Level_14/Front_KT/W_SaCu_2__5/Sprite")

[node name="W_SaCu_2__6" parent="Front_KT" instance=ExtResource( 65 )]
position = Vector2( -192, -96 )
_SpritePath = NodePath("../../../Level_14/Front_KT/W_SaCu_2__6/Sprite")

[node name="Front_Main" type="Node2D" parent="."]
position = Vector2( 640, 864 )

[node name="D_Coloured_1" parent="Front_Main" instance=ExtResource( 13 )]
_SpritePath = NodePath("../../../Level_14/Front_Main/D_Coloured_1/Sprite")
_STARTING_LOWERED = true

[node name="W_SaCu_4__8" parent="Front_Main" instance=ExtResource( 63 )]
position = Vector2( -320, -128 )
_SpritePath = NodePath("../../../Level_14/Front_Main/W_SaCu_4__8/Sprite")
_STARTING_LOWERED = true

[node name="W_SaCu_4__9" parent="Front_Main" instance=ExtResource( 63 )]
position = Vector2( -256, -96 )
_SpritePath = NodePath("../../../Level_14/Front_Main/W_SaCu_4__9/Sprite")
_STARTING_LOWERED = true

[node name="W_SaCu_4__10" parent="Front_Main" instance=ExtResource( 63 )]
position = Vector2( -192, -64 )
_SpritePath = NodePath("../../../Level_14/Front_Main/W_SaCu_4__10/Sprite")
_STARTING_LOWERED = true

[node name="W_SaCu_4__11" parent="Front_Main" instance=ExtResource( 63 )]
position = Vector2( -128, -32 )
_SpritePath = NodePath("../../../Level_14/Front_Main/W_SaCu_4__11/Sprite")
_STARTING_LOWERED = true

[node name="Front_Adu" type="Node2D" parent="."]
position = Vector2( 896, 1216 )

[node name="obj_mobile" type="Sprite" parent="Front_Adu"]
position = Vector2( 552, -192 )
rotation = -3.14159
scale = Vector2( 1, -1 )
texture = ExtResource( 39 )

[node name="W_Adu_2__5" parent="Front_Adu" instance=ExtResource( 15 )]
position = Vector2( -192, -96 )
_SpritePath = NodePath("../../../Level_14/Front_Adu/W_Adu_2__5/Sprite")

[node name="W_Adu_2__6" parent="Front_Adu" instance=ExtResource( 15 )]
position = Vector2( -128, -64 )
_SpritePath = NodePath("../../../Level_14/Front_Adu/W_Adu_2__6/Sprite")

[node name="W_Win_1_" parent="Front_Adu" instance=ExtResource( 98 )]
position = Vector2( -64, -32 )

[node name="W_Win_3_" parent="Front_Adu" instance=ExtResource( 99 )]

[node name="W_Adu_2__9" parent="Front_Adu" instance=ExtResource( 15 )]
position = Vector2( 64, 32 )
_SpritePath = NodePath("../../../Level_14/Front_Adu/W_Adu_2__9/Sprite")

[node name="W_Adu_2__10" parent="Front_Adu" instance=ExtResource( 15 )]
position = Vector2( 128, 64 )
_SpritePath = NodePath("../../../Level_14/Front_Adu/W_Adu_2__10/Sprite")

[node name="W_Adu_2__11" parent="Front_Adu" instance=ExtResource( 15 )]
position = Vector2( 320, 96 )
rotation = 3.14159
scale = Vector2( 1, -1 )
_SpritePath = NodePath("../../../Level_14/Front_Adu/W_Adu_2__11/Sprite")

[node name="W_Adu_2__12" parent="Front_Adu" instance=ExtResource( 15 )]
position = Vector2( 384, 64 )
rotation = 3.14159
scale = Vector2( 1, -1 )
_SpritePath = NodePath("../../../Level_14/Front_Adu/W_Adu_2__12/Sprite")

[node name="W_Adu_2__13" parent="Front_Adu" instance=ExtResource( 15 )]
position = Vector2( 448, 32 )
rotation = 3.14159
scale = Vector2( 1, -1 )
_SpritePath = NodePath("../../../Level_14/Front_Adu/W_Adu_2__13/Sprite")

[node name="W_Adu_2__14" parent="Front_Adu" instance=ExtResource( 15 )]
position = Vector2( 512, 0 )
rotation = 3.14159
scale = Vector2( 1, -1 )
_SpritePath = NodePath("../../../Level_14/Front_Adu/W_Adu_2__14/Sprite")

[node name="W_Adu_2__15" parent="Front_Adu" instance=ExtResource( 15 )]
position = Vector2( 576, -32 )
rotation = 3.14159
scale = Vector2( 1, -1 )
_SpritePath = NodePath("../../../Level_14/Front_Adu/W_Adu_2__15/Sprite")

[node name="W_Adu_2__16" parent="Front_Adu" instance=ExtResource( 15 )]
position = Vector2( 640, -64 )
rotation = 3.14159
scale = Vector2( 1, -1 )
_SpritePath = NodePath("../../../Level_14/Front_Adu/W_Adu_2__16/Sprite")

[node name="W_Adu_2_23" parent="Front_Adu" instance=ExtResource( 15 )]
position = Vector2( 192, 96 )
_SpritePath = NodePath("../../../Level_14/Front_Adu/W_Adu_2_23/Sprite")

[node name="Front_Kid1" type="Node2D" parent="."]
position = Vector2( 1792, 1280 )

[node name="W_Kid_1__7" parent="Front_Kid1" instance=ExtResource( 64 )]
position = Vector2( 128, 0 )
rotation = 3.14159
scale = Vector2( 1, -1 )
_SpritePath = NodePath("../../../Level_14/Front_Kid1/W_Kid_1__7/Sprite")

[node name="W_Kid_1__8" parent="Front_Kid1" instance=ExtResource( 64 )]
position = Vector2( 192, -32 )
rotation = 3.14159
scale = Vector2( 1, -1 )
_SpritePath = NodePath("../../../Level_14/Front_Kid1/W_Kid_1__8/Sprite")

[node name="WW_Kid_1_" parent="Front_Kid1" instance=ExtResource( 102 )]
position = Vector2( 256, -64 )
rotation = 3.14159
scale = Vector2( 1, -1 )

[node name="WW_Kid_1__2" parent="Front_Kid1" instance=ExtResource( 102 )]
position = Vector2( 320, -96 )
rotation = 3.14159
scale = Vector2( 1, -1 )

[node name="W_Kid_1__11" parent="Front_Kid1" instance=ExtResource( 64 )]
position = Vector2( 384, -128 )
rotation = 3.14159
scale = Vector2( 1, -1 )
_SpritePath = NodePath("../../../Level_14/Front_Kid1/W_Kid_1__11/Sprite")

[node name="W_Kid_1__12" parent="Front_Kid1" instance=ExtResource( 64 )]
position = Vector2( 448, -160 )
rotation = 3.14159
scale = Vector2( 1, -1 )
_SpritePath = NodePath("../../../Level_14/Front_Kid1/W_Kid_1__12/Sprite")

[node name="W_SaCu_3__4" parent="Front_Kid1" instance=ExtResource( 73 )]
position = Vector2( -256, -128 )
_SpritePath = NodePath("../../../Level_14/Front_Kid1/W_SaCu_3__4/Sprite")

[node name="W_SaCu_3__5" parent="Front_Kid1" instance=ExtResource( 73 )]
position = Vector2( -192, -96 )
_SpritePath = NodePath("../../../Level_14/Front_Kid1/W_SaCu_3__5/Sprite")

[node name="W_SaCu_3__6" parent="Front_Kid1" instance=ExtResource( 73 )]
position = Vector2( -128, -64 )
_SpritePath = NodePath("../../../Level_14/Front_Kid1/W_SaCu_3__6/Sprite")

[node name="W_SaCu_3__7" parent="Front_Kid1" instance=ExtResource( 73 )]
position = Vector2( -64, -32 )
_SpritePath = NodePath("../../../Level_14/Front_Kid1/W_SaCu_3__7/Sprite")

[node name="W_SaCu_3__8" parent="Front_Kid1" instance=ExtResource( 73 )]
_SpritePath = NodePath("../../../Level_14/Front_Kid1/W_SaCu_3__8/Sprite")

[node name="CameraRig" parent="." instance=ExtResource( 3 )]
position = Vector2( 670, 882 )
_Camera2DPath = NodePath("../../Level_14/CameraRig/Camera2D")
