[gd_scene load_steps=50 format=2]

[ext_resource path="res://Scenes/Actors/Woman.tscn" type="PackedScene" id=1]
[ext_resource path="res://Resources/Tilesets/Walls.tres" type="TileSet" id=2]
[ext_resource path="res://Resources/Tilesets/Floors.tres" type="TileSet" id=3]
[ext_resource path="res://Scenes/CameraRig.tscn" type="PackedScene" id=4]
[ext_resource path="res://Scenes/Actors/Environment/WallTrigger.tscn" type="PackedScene" id=5]
[ext_resource path="res://Scenes/Actors/Tasks/SinkKT.tscn" type="PackedScene" id=6]
[ext_resource path="res://Scenes/Actors/Tasks/Oven.tscn" type="PackedScene" id=7]
[ext_resource path="res://Scenes/Actors/Tasks/SinkBR.tscn" type="PackedScene" id=8]
[ext_resource path="res://Scenes/Actors/Tasks/TableSmall.tscn" type="PackedScene" id=9]
[ext_resource path="res://Scenes/Actors/Environment/Furnitures/KitchenCounter_B.tscn" type="PackedScene" id=10]
[ext_resource path="res://Scenes/Actors/Tasks/TrashCan.tscn" type="PackedScene" id=11]
[ext_resource path="res://Scenes/Actors/Tasks/WC.tscn" type="PackedScene" id=12]
[ext_resource path="res://Scenes/Actors/Environment/Furnitures/CoffeeTable.tscn" type="PackedScene" id=13]
[ext_resource path="res://Scenes/Actors/Environment/Furnitures/Sofa.tscn" type="PackedScene" id=14]
[ext_resource path="res://Graphics/Decor/Objects/Salle_de_bain_WC/obj_tapis_sdb.png" type="Texture" id=15]
[ext_resource path="res://Scenes/Actors/Environment/Furnitures/WardrobeAduPlus_B.tscn" type="PackedScene" id=16]
[ext_resource path="res://Scenes/Actors/Tasks/BedAdult.tscn" type="PackedScene" id=17]
[ext_resource path="res://Scenes/Actors/Environment/Furnitures/Mirror.tscn" type="PackedScene" id=18]
[ext_resource path="res://Graphics/Decor/Objects/Salle_de_bain_WC/obj_fenetre_sdbwc_1.png" type="Texture" id=19]
[ext_resource path="res://Graphics/Decor/Objects/Salon/obj_tapis_1.png" type="Texture" id=20]
[ext_resource path="res://Scenes/Actors/Environment/DynamicWalls/W_SdE_2.tscn" type="PackedScene" id=21]
[ext_resource path="res://Scenes/Actors/Environment/Furnitures/Fridge.tscn" type="PackedScene" id=22]
[ext_resource path="res://Scenes/Actors/Environment/D_Coloured.tscn" type="PackedScene" id=23]
[ext_resource path="res://Scenes/Actors/Environment/Furnitures/TV.tscn" type="PackedScene" id=24]
[ext_resource path="res://Scenes/Actors/Environment/DynamicWalls/W_SaCu_6.tscn" type="PackedScene" id=25]
[ext_resource path="res://Scenes/Actors/Environment/DynamicWalls/W_Adu_2.tscn" type="PackedScene" id=26]
[ext_resource path="res://Scenes/Actors/Tasks/Shower.tscn" type="PackedScene" id=27]
[ext_resource path="res://Graphics/Decor/Objects/Cuisine/obj_tapis_3.png" type="Texture" id=28]
[ext_resource path="res://Scenes/Actors/Environment/Furnitures/ChairFront.tscn" type="PackedScene" id=29]
[ext_resource path="res://Scenes/Actors/Environment/Furnitures/ChairBack.tscn" type="PackedScene" id=30]
[ext_resource path="res://Scenes/Actors/Environment/Furnitures/Garland.tscn" type="PackedScene" id=31]
[ext_resource path="res://Scenes/Actors/Tasks/Clothes.tscn" type="PackedScene" id=32]
[ext_resource path="res://Scenes/Actors/Environment/Furnitures/WardrobeAdu_1_B.tscn" type="PackedScene" id=33]
[ext_resource path="res://Scenes/Actors/Environment/Furnitures/EntryDrawer.tscn" type="PackedScene" id=34]
[ext_resource path="res://Scenes/Actors/Environment/Furnitures/Sideboard_2.tscn" type="PackedScene" id=36]
[ext_resource path="res://Scenes/Actors/Environment/Furnitures/KitchenCounter_G.tscn" type="PackedScene" id=37]
[ext_resource path="res://Scenes/Actors/Environment/Furnitures/Pot_5.tscn" type="PackedScene" id=38]
[ext_resource path="res://Scenes/Actors/Environment/Furnitures/Pot_6.tscn" type="PackedScene" id=39]
[ext_resource path="res://Scenes/Actors/Environment/Furnitures/WashingMachine_B.tscn" type="PackedScene" id=40]
[ext_resource path="res://Graphics/Decor/Objects/Communs/obj_cadre_1.png" type="Texture" id=41]
[ext_resource path="res://Scenes/Actors/Environment/Furnitures/IroningBoard.tscn" type="PackedScene" id=42]
[ext_resource path="res://Scenes/Actors/Environment/Furnitures/Pouffe_1.tscn" type="PackedScene" id=43]
[ext_resource path="res://Scenes/Actors/Environment/Furnitures/Pouffe_2.tscn" type="PackedScene" id=44]
[ext_resource path="res://Scenes/Actors/Man.tscn" type="PackedScene" id=45]
[ext_resource path="res://Scenes/Actors/Tasks/ToMop/Leftover1.tscn" type="PackedScene" id=46]
[ext_resource path="res://Scenes/Actors/Environment/DynamicWalls/W_Win_3.tscn" type="PackedScene" id=48]
[ext_resource path="res://Scenes/Actors/Environment/DynamicWalls/WW_SaCu_7.tscn" type="PackedScene" id=49]
[ext_resource path="res://Scenes/Actors/Environment/DynamicWalls/W_Win_1.tscn" type="PackedScene" id=50]
[ext_resource path="res://Scenes/Actors/Tasks/ToMop/Puddle1.tscn" type="PackedScene" id=89]

[node name="Level_11" type="Node2D"]

[node name="Floor" type="TileMap" parent="."]
mode = 1
tile_set = ExtResource( 3 )
cell_size = Vector2( 128, 64 )
collision_layer = 0
collision_mask = 0
format = 1
tile_data = PoolIntArray( -65524, 2, 0, -65523, 2, 0, -65522, 2, 0, -65521, 2, 0, -65520, 536870915, 0, -65519, 3, 0, -65518, 536870915, 0, -65517, 3, 0, -65516, 536870915, 0, -65515, 3, 0, -65514, 536870915, 0, -65513, 3, 0, -65512, 536870915, 0, -65511, 3, 0, 12, 2, 0, 13, 2, 0, 14, 2, 0, 15, 2, 0, 16, 3, 0, 17, 536870915, 0, 18, 3, 0, 19, 536870915, 0, 20, 3, 0, 21, 536870915, 0, 22, 3, 0, 23, 536870915, 0, 24, 3, 0, 25, 536870915, 0, 65548, 2, 0, 65549, 2, 0, 65550, 2, 0, 65551, 2, 0, 65552, 536870915, 0, 65553, 3, 0, 65554, 536870915, 0, 65555, 3, 0, 65556, 536870915, 0, 65557, 3, 0, 65558, 536870915, 0, 65559, 3, 0, 65560, 536870915, 0, 65561, 3, 0, 131084, 2, 0, 131085, 2, 0, 131086, 2, 0, 131087, 2, 0, 131088, 3, 0, 131089, 536870915, 0, 131090, 3, 0, 131091, 536870915, 0, 131092, 3, 0, 131093, 536870915, 0, 131094, 3, 0, 131095, 536870915, 0, 131096, 3, 0, 131097, 536870915, 0, 196620, 4, 0, 196621, 4, 0, 196622, 4, 0, 196623, 4, 0, 196624, 536870915, 0, 196625, 3, 0, 196626, 536870915, 0, 196627, 3, 0, 196628, 536870915, 0, 196629, 3, 0, 196630, 536870915, 0, 196631, 3, 0, 196632, 536870915, 0, 196633, 3, 0, 262156, 4, 0, 262157, 4, 0, 262158, 4, 0, 262159, 4, 0, 262160, 3, 0, 262161, 536870915, 0, 262162, 3, 0, 262163, 536870915, 0, 262164, 3, 0, 262165, 536870915, 0, 262166, 3, 0, 262167, 536870915, 0, 262168, 3, 0, 262169, 536870915, 0, 327692, 4, 0, 327693, 4, 0, 327694, 4, 0, 327695, 4, 0, 327696, 0, 0, 327697, 0, 0, 327698, 0, 0, 327699, 0, 0, 327700, 536870915, 0, 327701, 3, 0, 327702, 536870915, 0, 327703, 3, 0, 327704, 536870915, 0, 327705, 3, 0, 393228, 4, 0, 393229, 4, 0, 393230, 4, 0, 393231, 4, 0, 393232, 0, 0, 393233, 0, 0, 393234, 0, 0, 393235, 0, 0, 393236, 3, 0, 393237, 536870915, 0, 393238, 3, 0, 393239, 536870915, 0, 393240, 3, 0, 393241, 536870915, 0, 458764, 4, 0, 458765, 4, 0, 458766, 4, 0, 458767, 4, 0, 458768, 0, 0, 458769, 0, 0, 458770, 0, 0, 458771, 0, 0, 458772, 536870915, 0, 458773, 3, 0, 458774, 536870915, 0, 458775, 3, 0, 458776, 536870915, 0, 458777, 3, 0, 524300, 4, 0, 524301, 4, 0, 524302, 4, 0, 524303, 4, 0, 524304, 0, 0, 524305, 0, 0, 524306, 0, 0, 524307, 0, 0, 524308, 3, 0, 524309, 536870915, 0, 524310, 3, 0, 524311, 536870915, 0, 524312, 3, 0, 524313, 536870915, 0 )

[node name="Walls" type="TileMap" parent="."]
mode = 1
tile_set = ExtResource( 2 )
cell_size = Vector2( 128, 64 )
collision_layer = 2
format = 1
tile_data = PoolIntArray( -131060, 29, 0, -131057, 29, 0, -131056, 27, 0, -131055, 27, 0, -131054, 27, 0, -131053, 27, 0, -131052, 27, 0, -131048, 27, 0, -131047, 27, 0, -65525, 20, 0, 11, 20, 0, 65547, 20, 0, 131083, 20, 0, 196619, 30, 0, 262155, 30, 0, 327691, 30, 0, 393227, 30, 0, 458763, 30, 0, 524299, 30, 0 )

[node name="Back_KT" type="Node2D" parent="."]

[node name="WW_SaCu_7_" parent="Back_KT" instance=ExtResource( 49 )]
position = Vector2( 896, 384 )

[node name="WW_SaCu_7__2" parent="Back_KT" instance=ExtResource( 49 )]
position = Vector2( 960, 416 )

[node name="TrashCan" parent="Back_KT" instance=ExtResource( 11 )]
position = Vector2( 848, 380 )

[node name="Oven" parent="Back_KT" instance=ExtResource( 7 )]
position = Vector2( 776, 412 )

[node name="KitchenCounter_B" parent="Back_KT" instance=ExtResource( 10 )]
position = Vector2( 712, 444 )

[node name="SinkKT" parent="Back_KT" instance=ExtResource( 6 )]
position = Vector2( 648, 476 )

[node name="W_Win_1_" parent="." instance=ExtResource( 50 )]
position = Vector2( 1408, 640 )

[node name="W_Win_3_" parent="." instance=ExtResource( 48 )]
position = Vector2( 1472, 672 )

[node name="W_Win_3__2" parent="." instance=ExtResource( 48 )]
position = Vector2( 1536, 704 )

[node name="obj_cadre_1" type="Sprite" parent="."]
position = Vector2( 1264, 424 )
scale = Vector2( -1, 1 )
texture = ExtResource( 41 )

[node name="obj_fenetre_sdbwc_1" type="Sprite" parent="."]
position = Vector2( 384, 448 )
texture = ExtResource( 19 )

[node name="obj_tapis_sdb" type="Sprite" parent="."]
position = Vector2( 622, 568 )
scale = Vector2( -1, 1 )
texture = ExtResource( 15 )

[node name="Leftover1" parent="." instance=ExtResource( 46 )]
position = Vector2( 999.414, 685.934 )

[node name="Puddle1" parent="." instance=ExtResource( 89 )]
position = Vector2( 576, 608 )

[node name="obj_tapis_1" type="Sprite" parent="."]
position = Vector2( 1264, 800 )
scale = Vector2( -1, 1 )
texture = ExtResource( 20 )

[node name="obj_tapis_3" type="Sprite" parent="."]
position = Vector2( 1016, 1066 )
scale = Vector2( -1, 1 )
texture = ExtResource( 28 )

[node name="BRWallTrigger" parent="." instance=ExtResource( 5 )]
visible = false
position = Vector2( 512, 640 )
_ToHidePaths = [ NodePath("../Front_BR/W_SdE_2_0"), NodePath("../Front_BR/W_SdE_2_1"), NodePath("../Front_BR/W_SdE_2_2"), NodePath("../Front_BR/W_SdE_2_3"), NodePath("../YSort/W_Adu_2_"), NodePath("../YSort/W_Adu_2__2"), NodePath("../YSort/W_Adu_2__3"), NodePath("../YSort/W_Adu_2__4"), NodePath("../YSort/D_Coloured_BR"), NodePath("../Garland") ]
_ToFadePaths = [ NodePath("../Front_Main/W_Adu_2__5"), NodePath("../Front_Main/W_Adu_2__6"), NodePath("../YSort/BedAdult"), NodePath("../YSort/Clothes") ]

[node name="CollisionPolygon2D" type="CollisionPolygon2D" parent="BRWallTrigger"]
polygon = PoolVector2Array( 63.9999, -160, -320, 32, -64.0001, 160, 320, -32 )

[node name="KTWallTrigger" parent="." instance=ExtResource( 5 )]
visible = false
position = Vector2( 832, 480 )
_ToHidePaths = [ NodePath("../YSort/D_Coloured_BR"), NodePath("../YSort/W_SdE_2_4"), NodePath("../YSort/W_SdE_2_5"), NodePath("../YSort/W_SdE_2_6"), NodePath("../YSort/W_SdE_2_7"), NodePath("../YSort/SinkBR/Mirror"), NodePath("../YSort/KitchenCounter_G/Pot_6_"), NodePath("../YSort/KitchenCounter_G/Pot_5_") ]
_ToFadePaths = [ NodePath("../YSort/SinkBR"), NodePath("../YSort/KitchenCounter_G"), NodePath("../YSort/W_Adu_2__4") ]

[node name="CollisionPolygon2D" type="CollisionPolygon2D" parent="KTWallTrigger"]
polygon = PoolVector2Array( -256, 0, 0, 128, 256, 0, 0, -128 )

[node name="MainWallTrigger" parent="." instance=ExtResource( 5 )]
visible = false
position = Vector2( 1152, 768 )
_StartingEnabled = true
_ToHidePaths = [ NodePath("../Front_Main/D_Coloured"), NodePath("../Front_Main/W_Adu_2__5"), NodePath("../Front_Main/W_Adu_2__6"), NodePath("../Front_Main/W_Adu_2__7"), NodePath("../Front_Main/W_Adu_2__8"), NodePath("../Front_Main/W_SaCu_6_"), NodePath("../Front_Main/W_SaCu_6__2"), NodePath("../Front_Main/W_SaCu_6__3"), NodePath("../Front_Main/W_SaCu_6__4"), NodePath("../Front_Main/W_SaCu_6_0"), NodePath("../Front_Main/W_SaCu_6_1"), NodePath("../Front_Main/W_SaCu_6_2"), NodePath("../Front_Main/W_SaCu_6_3"), NodePath("../Front_Main/W_SaCu_6_4"), NodePath("../Front_Main/W_SaCu_6_5"), NodePath("../Front_Main/W_SaCu_6_6"), NodePath("../Front_Main/W_SaCu_6_7"), NodePath("../Front_Main/W_SaCu_6_8"), NodePath("../Front_Main/W_SaCu_6_9") ]
_ToFadePaths = [  ]

[node name="CollisionPolygon2D" type="CollisionPolygon2D" parent="MainWallTrigger"]
polygon = PoolVector2Array( -64, -288, 576, 32, -64, 352, -704, 32 )

[node name="InvisiWall" type="StaticBody2D" parent="."]
position = Vector2( 1016, 1088 )
rotation = 3.14159
scale = Vector2( 1, -1 )
collision_layer = 2
__meta__ = {
"_edit_group_": true
}

[node name="CollisionPolygon2D" type="CollisionPolygon2D" parent="InvisiWall"]
polygon = PoolVector2Array( -60, 28, 44, -24, 48, -20, -56, 32 )

[node name="YSort" type="YSort" parent="."]

[node name="Woman" parent="YSort" instance=ExtResource( 1 )]
position = Vector2( 1021.13, 1053.39 )
_Identity = 0
_StartingDirection = Vector2( 1, -1 )

[node name="Character" parent="YSort" instance=ExtResource( 45 )]
position = Vector2( 1076.99, 1080.26 )
_Identity = 1
_StartingDirection = Vector2( 1, -1 )

[node name="Sideboard_2" parent="YSort" instance=ExtResource( 36 )]
position = Vector2( 1248, 562 )
rotation = 3.14159
scale = Vector2( 1, -1 )

[node name="TableSmall" parent="YSort" instance=ExtResource( 9 )]
position = Vector2( 1088, 640 )

[node name="ChairFront" parent="YSort" instance=ExtResource( 29 )]
position = Vector2( 1028, 608 )
scale = Vector2( -1, 1 )

[node name="ChairBack" parent="YSort" instance=ExtResource( 30 )]
position = Vector2( 1152, 672 )
scale = Vector2( -1, 1 )

[node name="BedAdult" parent="YSort" instance=ExtResource( 17 )]
position = Vector2( 600, 786 )

[node name="Clothes" parent="YSort" instance=ExtResource( 32 )]
position = Vector2( 648, 704 )

[node name="WardrobeAdu_1_B" parent="YSort" instance=ExtResource( 33 )]
position = Vector2( 696, 882 )

[node name="WardrobeAduPlus_B" parent="YSort/WardrobeAdu_1_B" instance=ExtResource( 16 )]
position = Vector2( 0, -56 )

[node name="Fridge" parent="YSort" instance=ExtResource( 22 )]
position = Vector2( 1008, 464 )
scale = Vector2( -1, 1 )

[node name="Sofa" parent="YSort" instance=ExtResource( 14 )]
position = Vector2( 1240, 764 )
rotation = 3.14159
scale = Vector2( 1, -1 )

[node name="TV" parent="YSort" instance=ExtResource( 24 )]
position = Vector2( 1468, 898 )
scale = Vector2( -1, 1 )

[node name="CoffeeTable" parent="YSort" instance=ExtResource( 13 )]
position = Vector2( 1352, 844 )

[node name="Pouffe_1_" parent="YSort" instance=ExtResource( 43 )]
position = Vector2( 1256, 896 )

[node name="Pouffe_2_" parent="YSort" instance=ExtResource( 44 )]
position = Vector2( 1440, 792 )

[node name="EntryDrawer" parent="YSort" instance=ExtResource( 34 )]
position = Vector2( 960, 1014 )

[node name="IroningBoard" parent="YSort" instance=ExtResource( 42 )]
position = Vector2( 1632, 760 )
scale = Vector2( -1, 1 )

[node name="SinkBR" parent="YSort" instance=ExtResource( 8 )]
position = Vector2( 688, 546 )
rotation = 3.14159
scale = Vector2( 1, -1 )

[node name="Mirror" parent="YSort/SinkBR" instance=ExtResource( 18 )]
show_behind_parent = true
position = Vector2( -20.0004, -126 )
rotation = -2.53518e-06

[node name="KitchenCounter_G" parent="YSort" instance=ExtResource( 37 )]
position = Vector2( 608, 528 )
scale = Vector2( -1, 1 )

[node name="Pot_6_" parent="YSort/KitchenCounter_G" instance=ExtResource( 39 )]
position = Vector2( -30, -62 )

[node name="Pot_5_" parent="YSort/KitchenCounter_G" instance=ExtResource( 38 )]
position = Vector2( -6, -52 )

[node name="WC" parent="YSort" instance=ExtResource( 12 )]
position = Vector2( 472, 552 )

[node name="Shower" parent="YSort" instance=ExtResource( 27 )]
position = Vector2( 320, 640 )

[node name="WashingMachine_B" parent="YSort" instance=ExtResource( 40 )]
position = Vector2( 380, 732 )
rotation = 3.14159
scale = Vector2( 1, -1 )

[node name="D_Coloured_BR" parent="YSort" instance=ExtResource( 23 )]
position = Vector2( 768, 610 )
rotation = 3.14159
scale = Vector2( 1, -1 )

[node name="W_SdE_2_4" parent="YSort" instance=ExtResource( 21 )]
position = Vector2( 576, 480 )

[node name="W_SdE_2_5" parent="YSort" instance=ExtResource( 21 )]
position = Vector2( 640, 512 )

[node name="W_SdE_2_6" parent="YSort" instance=ExtResource( 21 )]
position = Vector2( 704, 544 )

[node name="W_SdE_2_7" parent="YSort" instance=ExtResource( 21 )]
position = Vector2( 768, 576 )

[node name="W_Adu_2_" parent="YSort" instance=ExtResource( 26 )]
position = Vector2( 512, 768 )
rotation = 3.14159
scale = Vector2( 1, -1 )

[node name="W_Adu_2__2" parent="YSort" instance=ExtResource( 26 )]
position = Vector2( 576, 736 )
rotation = 3.14159
scale = Vector2( 1, -1 )

[node name="W_Adu_2__3" parent="YSort" instance=ExtResource( 26 )]
position = Vector2( 640, 704 )
rotation = 3.14159
scale = Vector2( 1, -1 )

[node name="W_Adu_2__4" parent="YSort" instance=ExtResource( 26 )]
position = Vector2( 704, 672 )
rotation = 3.14159
scale = Vector2( 1, -1 )

[node name="Garland" parent="." instance=ExtResource( 31 )]
position = Vector2( 538, 760 )
scale = Vector2( -1, 1 )

[node name="Front_BR" type="Node2D" parent="."]

[node name="W_SdE_2_0" parent="Front_BR" instance=ExtResource( 21 )]
position = Vector2( 192, 672 )

[node name="W_SdE_2_1" parent="Front_BR" instance=ExtResource( 21 )]
position = Vector2( 256, 704 )

[node name="W_SdE_2_2" parent="Front_BR" instance=ExtResource( 21 )]
position = Vector2( 320, 736 )

[node name="W_SdE_2_3" parent="Front_BR" instance=ExtResource( 21 )]
position = Vector2( 384, 768 )

[node name="Front_Main" type="Node2D" parent="."]

[node name="D_Coloured" parent="Front_Main" instance=ExtResource( 23 )]
position = Vector2( 1024, 1058 )
_STARTING_LOWERED = true

[node name="W_Adu_2__5" parent="Front_Main" instance=ExtResource( 26 )]
position = Vector2( 448, 800 )
_STARTING_LOWERED = true

[node name="W_Adu_2__6" parent="Front_Main" instance=ExtResource( 26 )]
position = Vector2( 512, 832 )
_STARTING_LOWERED = true

[node name="W_Adu_2__7" parent="Front_Main" instance=ExtResource( 26 )]
position = Vector2( 576, 864 )
_STARTING_LOWERED = true

[node name="W_Adu_2__8" parent="Front_Main" instance=ExtResource( 26 )]
position = Vector2( 640, 896 )
_STARTING_LOWERED = true

[node name="W_SaCu_6_" parent="Front_Main" instance=ExtResource( 25 )]
position = Vector2( 704, 928 )
_STARTING_LOWERED = true

[node name="W_SaCu_6__2" parent="Front_Main" instance=ExtResource( 25 )]
position = Vector2( 768, 960 )
_STARTING_LOWERED = true

[node name="W_SaCu_6__3" parent="Front_Main" instance=ExtResource( 25 )]
position = Vector2( 832, 992 )
_STARTING_LOWERED = true

[node name="W_SaCu_6__4" parent="Front_Main" instance=ExtResource( 25 )]
position = Vector2( 896, 1024 )
_STARTING_LOWERED = true

[node name="W_SaCu_6_0" parent="Front_Main" instance=ExtResource( 25 )]
position = Vector2( 1152, 1088 )
rotation = 3.14159
scale = Vector2( 1, -1 )
_STARTING_LOWERED = true

[node name="W_SaCu_6_1" parent="Front_Main" instance=ExtResource( 25 )]
position = Vector2( 1216, 1056 )
rotation = 3.14159
scale = Vector2( 1, -1 )
_STARTING_LOWERED = true

[node name="W_SaCu_6_2" parent="Front_Main" instance=ExtResource( 25 )]
position = Vector2( 1280, 1024 )
rotation = 3.14159
scale = Vector2( 1, -1 )
_STARTING_LOWERED = true

[node name="W_SaCu_6_3" parent="Front_Main" instance=ExtResource( 25 )]
position = Vector2( 1344, 992 )
rotation = 3.14159
scale = Vector2( 1, -1 )
_STARTING_LOWERED = true

[node name="W_SaCu_6_4" parent="Front_Main" instance=ExtResource( 25 )]
position = Vector2( 1408, 960 )
rotation = 3.14159
scale = Vector2( 1, -1 )
_STARTING_LOWERED = true

[node name="W_SaCu_6_5" parent="Front_Main" instance=ExtResource( 25 )]
position = Vector2( 1472, 928 )
rotation = 3.14159
scale = Vector2( 1, -1 )
_STARTING_LOWERED = true

[node name="W_SaCu_6_6" parent="Front_Main" instance=ExtResource( 25 )]
position = Vector2( 1536, 896 )
rotation = 3.14159
scale = Vector2( 1, -1 )
_STARTING_LOWERED = true

[node name="W_SaCu_6_7" parent="Front_Main" instance=ExtResource( 25 )]
position = Vector2( 1600, 864 )
rotation = 3.14159
scale = Vector2( 1, -1 )
_STARTING_LOWERED = true

[node name="W_SaCu_6_8" parent="Front_Main" instance=ExtResource( 25 )]
position = Vector2( 1664, 832 )
rotation = 3.14159
scale = Vector2( 1, -1 )
_STARTING_LOWERED = true

[node name="W_SaCu_6_9" parent="Front_Main" instance=ExtResource( 25 )]
position = Vector2( 1728, 800 )
rotation = 3.14159
scale = Vector2( 1, -1 )
_STARTING_LOWERED = true

[node name="CameraRig" parent="." instance=ExtResource( 4 )]
position = Vector2( 1048, 1064 )
