[gd_scene load_steps=58 format=2]

[ext_resource path="res://Scenes/Actors/Tasks/TableSmall.tscn" type="PackedScene" id=1]
[ext_resource path="res://Resources/Tilesets/Walls.tres" type="TileSet" id=2]
[ext_resource path="res://Resources/Tilesets/Floors.tres" type="TileSet" id=3]
[ext_resource path="res://Scenes/CameraRig.tscn" type="PackedScene" id=4]
[ext_resource path="res://Scenes/Actors/Environment/WallTrigger.tscn" type="PackedScene" id=5]
[ext_resource path="res://Scenes/Actors/Tasks/TrashCan.tscn" type="PackedScene" id=6]
[ext_resource path="res://Scenes/Actors/Tasks/SinkKT.tscn" type="PackedScene" id=7]
[ext_resource path="res://Scenes/Actors/Tasks/Oven.tscn" type="PackedScene" id=8]
[ext_resource path="res://Scenes/Actors/Man.tscn" type="PackedScene" id=9]
[ext_resource path="res://Scenes/Actors/Environment/Furnitures/KitchenCounter_B.tscn" type="PackedScene" id=10]
[ext_resource path="res://Scenes/Actors/Environment/Furnitures/Tasks/Shower_F_D.tscn" type="PackedScene" id=11]
[ext_resource path="res://Scenes/Actors/Environment/Furnitures/Tasks/BedAdult_F_D.tscn" type="PackedScene" id=12]
[ext_resource path="res://Scenes/Actors/Environment/Furnitures/KitchenCounter2_B.tscn" type="PackedScene" id=13]
[ext_resource path="res://Scenes/Actors/Environment/D_White.tscn" type="PackedScene" id=14]
[ext_resource path="res://Scenes/Actors/Environment/Furnitures/Tasks/Mud1_F_D.tscn" type="PackedScene" id=15]
[ext_resource path="res://Scenes/Actors/Environment/Furnitures/Tasks/WC_F_D.tscn" type="PackedScene" id=16]
[ext_resource path="res://Scenes/Actors/Environment/Furnitures/Tasks/SinkBR_F_D.tscn" type="PackedScene" id=17]
[ext_resource path="res://Scenes/Actors/Environment/Furnitures/Mirror.tscn" type="PackedScene" id=18]
[ext_resource path="res://Scenes/Actors/Environment/Furnitures/Tasks/Mud2_F_D.tscn" type="PackedScene" id=19]
[ext_resource path="res://Scenes/Actors/Environment/Furnitures/Tasks/Puddle2_F_D.tscn" type="PackedScene" id=20]
[ext_resource path="res://Scenes/Actors/Environment/Furnitures/Tasks/Clothes_F_D.tscn" type="PackedScene" id=21]
[ext_resource path="res://Scenes/Actors/Environment/Furnitures/Tasks/Plant2_F_D.tscn" type="PackedScene" id=22]
[ext_resource path="res://Scenes/Actors/Environment/D_Coloured.tscn" type="PackedScene" id=23]
[ext_resource path="res://Scenes/Actors/Environment/Furnitures/Tasks/Leftover3_F_D.tscn" type="PackedScene" id=24]
[ext_resource path="res://Scenes/Actors/Environment/DynamicWalls/W_Win_2.tscn" type="PackedScene" id=25]
[ext_resource path="res://Scenes/Actors/Environment/DynamicWalls/W_Win_3.tscn" type="PackedScene" id=26]
[ext_resource path="res://Scenes/Actors/Environment/DynamicWalls/WW_SaCu_1.tscn" type="PackedScene" id=27]
[ext_resource path="res://Graphics/Decor/Objects/Cuisine/obj_tapis_3.png" type="Texture" id=28]
[ext_resource path="res://Scenes/Actors/Environment/Furnitures/ChairFront.tscn" type="PackedScene" id=29]
[ext_resource path="res://Scenes/Actors/Environment/Furnitures/ChairBack.tscn" type="PackedScene" id=30]
[ext_resource path="res://Scenes/Actors/Environment/DynamicWalls/W_SaCu_3.tscn" type="PackedScene" id=31]
[ext_resource path="res://Scenes/Actors/Environment/DynamicWalls/W_Room.tscn" type="PackedScene" id=32]
[ext_resource path="res://Scenes/Actors/Environment/DynamicWalls/W_SaCu_1.tscn" type="PackedScene" id=33]
[ext_resource path="res://Scenes/Actors/Environment/DynamicWalls/W_Win_1.tscn" type="PackedScene" id=34]
[ext_resource path="res://Scenes/Actors/Environment/Furnitures/TV.tscn" type="PackedScene" id=35]
[ext_resource path="res://Scenes/Actors/Environment/Furnitures/Sofa_B.tscn" type="PackedScene" id=36]
[ext_resource path="res://Scenes/Actors/Environment/Furnitures/Sideboard_1.tscn" type="PackedScene" id=37]
[ext_resource path="res://Scenes/Actors/Environment/Furnitures/Candles.tscn" type="PackedScene" id=38]
[ext_resource path="res://Scenes/Actors/Environment/Furnitures/Lamp_3.tscn" type="PackedScene" id=39]
[ext_resource path="res://Scenes/Actors/Environment/Furnitures/CoffeeTable.tscn" type="PackedScene" id=40]
[ext_resource path="res://Scenes/Actors/Environment/Furnitures/Pouffe_1.tscn" type="PackedScene" id=41]
[ext_resource path="res://Scenes/Actors/Environment/Furnitures/BedsideTableAdu.tscn" type="PackedScene" id=42]
[ext_resource path="res://Scenes/Actors/Environment/Furnitures/Garland.tscn" type="PackedScene" id=43]
[ext_resource path="res://Scenes/Actors/Environment/Furnitures/Portrait.tscn" type="PackedScene" id=44]
[ext_resource path="res://Scenes/Actors/Environment/Furnitures/Painting2.tscn" type="PackedScene" id=45]
[ext_resource path="res://Graphics/Decor/Objects/Cuisine/obj_pot_5.png" type="Texture" id=46]
[ext_resource path="res://Graphics/Decor/Objects/Cuisine/obj_pot_1.png" type="Texture" id=47]
[ext_resource path="res://Scenes/Actors/Environment/Furnitures/Painting1.tscn" type="PackedScene" id=48]
[ext_resource path="res://Scenes/Actors/Environment/Furnitures/Fridge.tscn" type="PackedScene" id=49]
[ext_resource path="res://Graphics/Decor/Objects/Cuisine/obj_etagere_1.png" type="Texture" id=50]
[ext_resource path="res://Graphics/Decor/Objects/Cuisine/obj_pot_2.png" type="Texture" id=51]
[ext_resource path="res://Graphics/Decor/Objects/Cuisine/obj_pot_6.png" type="Texture" id=52]
[ext_resource path="res://Scenes/Actors/Environment/Furnitures/WashingMachine.tscn" type="PackedScene" id=53]
[ext_resource path="res://Scenes/Actors/Environment/Furnitures/DishWasher.tscn" type="PackedScene" id=54]
[ext_resource path="res://Scenes/Actors/Environment/Furnitures/Sideboard_2.tscn" type="PackedScene" id=55]
[ext_resource path="res://Graphics/Decor/Objects/Communs/obj_lumiere-fenetre.png" type="Texture" id=56]
[ext_resource path="res://Scenes/Actors/Environment/Furnitures/IroningBoard.tscn" type="PackedScene" id=57]

[node name="Level_5" type="Node2D"]

[node name="Floor" type="TileMap" parent="."]
mode = 1
tile_set = ExtResource( 3 )
cell_size = Vector2( 128, 64 )
collision_layer = 0
collision_mask = 0
format = 1
tile_data = PoolIntArray( -458736, 4, 0, -458735, 4, 0, -458734, 4, 0, -458733, 4, 0, -458732, 4, 0, -458731, 4, 0, -458730, 536870915, 0, -458729, 3, 0, -393200, 4, 0, -393199, 4, 0, -393198, 4, 0, -393197, 4, 0, -393196, 4, 0, -393195, 4, 0, -393194, 3, 0, -393193, 536870915, 0, -327664, 4, 0, -327663, 4, 0, -327662, 4, 0, -327661, 4, 0, -327660, 4, 0, -327659, 4, 0, -327658, 536870915, 0, -327657, 3, 0, -262128, 4, 0, -262127, 4, 0, -262126, 4, 0, -262125, 4, 0, -262124, 4, 0, -262123, 4, 0, -262122, 3, 0, -262121, 536870915, 0, -196592, 2, 0, -196591, 2, 0, -196590, 2, 0, -196589, 2, 0, -196588, 2, 0, -196587, 2, 0, -196586, 536870915, 0, -196585, 3, 0, -131056, 2, 0, -131055, 2, 0, -131054, 2, 0, -131053, 2, 0, -131052, 2, 0, -131051, 2, 0, -131050, 3, 0, -131049, 536870915, 0, -65520, 2, 0, -65519, 2, 0, -65518, 2, 0, -65517, 2, 0, -65516, 2, 0, -65515, 2, 0, -65514, 536870915, 0, -65513, 3, 0, 16, 2, 0, 17, 2, 0, 18, 2, 0, 19, 2, 0, 20, 2, 0, 21, 2, 0, 22, 3, 0, 23, 536870915, 0, 65552, 2, 0, 65553, 2, 0, 65554, 2, 0, 65555, 2, 0, 65556, 2, 0, 65557, 2, 0, 65558, 536870915, 0, 65559, 3, 0, 131088, 2, 0, 131089, 2, 0, 131090, 2, 0, 131091, 2, 0, 131092, 2, 0, 131093, 2, 0, 131094, 3, 0, 131095, 536870915, 0, 196624, 536870915, 0, 196625, 3, 0, 196626, 536870915, 0, 196627, 3, 0, 196628, 536870915, 0, 196629, 3, 0, 196630, 536870915, 0, 196631, 3, 0, 262160, 3, 0, 262161, 536870915, 0, 262162, 3, 0, 262163, 536870915, 0, 262164, 3, 0, 262165, 536870915, 0, 262166, 3, 0, 262167, 536870915, 0, 327696, 536870915, 0, 327697, 3, 0, 327698, 536870915, 0, 327699, 3, 0, 327700, 536870915, 0, 327701, 3, 0, 327702, 536870915, 0, 327703, 3, 0, 393232, 3, 0, 393233, 536870915, 0, 393234, 3, 0, 393235, 536870915, 0, 393236, 3, 0, 393237, 536870915, 0, 393238, 3, 0, 393239, 536870915, 0, 458768, 536870915, 0, 458769, 3, 0, 458770, 536870915, 0, 458771, 3, 0, 458772, 536870915, 0, 458773, 3, 0, 458774, 536870915, 0, 458775, 3, 0, 524304, 3, 0, 524305, 536870915, 0, 524306, 3, 0, 524307, 536870915, 0, 524308, 3, 0, 524309, 536870915, 0, 524310, 3, 0, 524311, 536870915, 0, 589840, 536870915, 0, 589841, 3, 0, 589842, 536870915, 0, 589843, 3, 0, 589844, 536870915, 0, 589845, 3, 0, 589846, 536870915, 0, 589847, 3, 0, 655376, 3, 0, 655377, 536870915, 0, 655378, 3, 0, 655379, 536870915, 0, 655380, 3, 0, 655381, 536870915, 0, 655382, 3, 0, 655383, 536870915, 0, 720912, 536870915, 0, 720913, 3, 0, 720914, 536870915, 0, 720915, 3, 0, 720916, 536870915, 0, 720917, 3, 0, 720918, 536870915, 0, 720919, 3, 0, 786448, 3, 0, 786449, 536870915, 0, 786450, 3, 0, 786451, 536870915, 0, 786452, 3, 0, 786453, 536870915, 0, 786454, 3, 0, 786455, 536870915, 0 )

[node name="Walls" type="TileMap" parent="."]
mode = 1
tile_set = ExtResource( 2 )
cell_size = Vector2( 128, 64 )
collision_layer = 2
format = 1
tile_data = PoolIntArray( -524272, 37, 0, -524271, 37, 0, -524270, 37, 0, -524269, 37, 0, -524268, 37, 0, -524267, 37, 0, -524266, 9, 0, -524265, 9, 0, -458737, 34, 0, -393201, 34, 0, -327665, 34, 0, -262129, 34, 0, -196593, 16, 0, -131057, 16, 0, 65551, 16, 0, 131087, 16, 0, 327695, 20, 0, 393231, 20, 0, 458767, 20, 0, 524303, 20, 0, 589839, 20, 0, 655375, 20, 0, 720911, 20, 0, 786447, 20, 0 )

[node name="Back_KT" type="Node2D" parent="."]

[node name="WW_SaCu_1_" parent="Back_KT" instance=ExtResource( 27 )]
position = Vector2( 1024, 512 )
scale = Vector2( -1, 1 )

[node name="WW_SaCu_1__2" parent="Back_KT" instance=ExtResource( 27 )]
position = Vector2( 1088, 480 )
scale = Vector2( -1, 1 )

[node name="TrashCan" parent="Back_KT" instance=ExtResource( 6 )]
position = Vector2( 1088, 496 )
_START_REVEALED = true

[node name="obj_etagere" type="Sprite" parent="Back_KT"]
position = Vector2( 912, 440 )
rotation = 3.14159
scale = Vector2( 1, -1 )
texture = ExtResource( 50 )

[node name="obj_pot" type="Sprite" parent="Back_KT/obj_etagere"]
position = Vector2( -8, -8 )
texture = ExtResource( 52 )

[node name="obj_pot_2" type="Sprite" parent="Back_KT/obj_etagere"]
position = Vector2( -32, -16 )
texture = ExtResource( 46 )

[node name="obj_etagere_2" type="Sprite" parent="Back_KT"]
position = Vector2( 864, 464 )
rotation = 3.14159
scale = Vector2( 1, -1 )
texture = ExtResource( 50 )

[node name="obj_pot" type="Sprite" parent="Back_KT/obj_etagere_2"]
position = Vector2( -8, -16 )
texture = ExtResource( 47 )

[node name="obj_pot_2" type="Sprite" parent="Back_KT/obj_etagere_2"]
position = Vector2( -32, -32 )
texture = ExtResource( 51 )

[node name="Back_Main" type="Node2D" parent="."]

[node name="Garland" parent="Back_Main" instance=ExtResource( 43 )]
position = Vector2( 320, 872 )
rotation = 3.14159
scale = Vector2( 1, -1 )

[node name="BedsideTableAdu" parent="Back_Main" instance=ExtResource( 42 )]
position = Vector2( 264, 904 )

[node name="BedsideTableAdu_2" parent="Back_Main" instance=ExtResource( 42 )]
position = Vector2( 436, 820 )

[node name="Portrait" parent="Back_Main/BedsideTableAdu_2" instance=ExtResource( 44 )]
position = Vector2( 0, -36 )
rotation = 3.14159
scale = Vector2( 1, -1 )

[node name="BedAdult_F_D" parent="Back_Main" instance=ExtResource( 12 )]
position = Vector2( 416, 880 )

[node name="W_Win_2_" parent="." instance=ExtResource( 25 )]
position = Vector2( 768, 640 )
scale = Vector2( -1, 1 )

[node name="W_Win_3_" parent="." instance=ExtResource( 26 )]
position = Vector2( 832, 608 )
scale = Vector2( -1, 1 )

[node name="obj_tapis_3" type="Sprite" parent="."]
position = Vector2( 1860, 588 )
texture = ExtResource( 28 )

[node name="Mud2_F_D" parent="." instance=ExtResource( 19 )]
position = Vector2( 1664, 640 )
rotation = -0.756337

[node name="Mud1_F_D" parent="." instance=ExtResource( 15 )]
position = Vector2( 1808, 576 )
rotation = -2.88297
scale = Vector2( 1, -1 )

[node name="Leftover3_F_D" parent="." instance=ExtResource( 24 )]
position = Vector2( 1056, 544 )

[node name="Puddle2_F_D" parent="." instance=ExtResource( 20 )]
position = Vector2( 1488, 416 )

[node name="BRWallTrigger" parent="." instance=ExtResource( 5 )]
visible = false
position = Vector2( 1536, 448 )
_ToHidePaths = [ NodePath("../YSort/YSort_KT/W_SaCu_2_"), NodePath("../YSort/YSort_KT/W_SaCu_2__2"), NodePath("../YSort/YSort_KT/W_SaCu_2__3"), NodePath("../YSort/YSort_KT/W_SaCu_2__4"), NodePath("../YSort/YSort_KT/W_SaCu_2__5"), NodePath("../YSort/YSort_KT/W_SaCu_2__6"), NodePath("../YSort/YSort_Cor/W_Room_"), NodePath("../YSort/YSort_Cor/W_Room__2"), NodePath("../YSort/YSort_Cor/Painting1") ]
_ToFadePaths = [ NodePath("../YSort/YSort_KT/DishWasher"), NodePath("../YSort/YSort_KT/Fridge"), NodePath("../YSort/YSort_KT/KitchenCounter2_B"), NodePath("../YSort/YSort_KT/Oven"), NodePath("../YSort/YSort_KT/KitchenCounter_B"), NodePath("../YSort/YSort_KT/SinkKT"), NodePath("../YSort/YSort_Cor/W_Room__3"), NodePath("../YSort/YSort_Cor/W_Room__4"), NodePath("../Front_Cor/W_Room__5"), NodePath("../Front_Cor/W_Room__6"), NodePath("../Front_Cor/W_Room__7") ]

[node name="CollisionPolygon2D" type="CollisionPolygon2D" parent="BRWallTrigger"]
polygon = PoolVector2Array( -64, -160, -320, -32, 64, 160, 320, 32 )

[node name="KTWallTrigger" parent="." instance=ExtResource( 5 )]
visible = false
position = Vector2( 1184, 608 )
_ToHidePaths = [ NodePath("../YSort/YSort_Cor/W_Room__6"), NodePath("../YSort/YSort_Cor/W_Room__5"), NodePath("../YSort/YSort_Cor/W_Room__3"), NodePath("../YSort/YSort_Cor/W_Room__4"), NodePath("../YSort/YSort_Cor/Painting1"), NodePath("../YSort/YSort_Main/W_SaCu_3_"), NodePath("../YSort/YSort_Main/W_SaCu_3__2"), NodePath("../YSort/YSort_Main/W_SaCu_3__3"), NodePath("../YSort/YSort_Main/W_SaCu_3__4"), NodePath("../YSort/YSort_Main/W_SaCu_3__5"), NodePath("../YSort/YSort_Main/W_SaCu_3__6"), NodePath("../YSort/YSort_Main/Sideboard_2/Lamp_3"), NodePath("../YSort/YSort_Main/Sideboard_1/Candles"), NodePath("../YSort/YSort_Main/Painting2") ]
_ToFadePaths = [ NodePath("../YSort/YSort_Main/Sideboard_1"), NodePath("../YSort/YSort_Main/Sideboard_2"), NodePath("../Front_Main/W_SaCu_3__18"), NodePath("../Front_Main/W_SaCu_3__19"), NodePath("../Front_Cor/W_Room_"), NodePath("../Front_Cor/W_Room__2"), NodePath("../Front_Cor/W_Room__3"), NodePath("../Front_Cor/W_Room__4"), NodePath("../Front_Cor/W_Room__5") ]

[node name="CollisionPolygon2D" type="CollisionPolygon2D" parent="KTWallTrigger"]
polygon = PoolVector2Array( -352, 0, 32, 192, 416, 0, 32, -192 )

[node name="MainWallTrigger" parent="." instance=ExtResource( 5 )]
visible = false
position = Vector2( 768, 896 )
_ToHidePaths = [ NodePath("../Front_Main/W_SaCu_3_"), NodePath("../Front_Main/W_SaCu_3__8"), NodePath("../Front_Main/W_SaCu_3__9"), NodePath("../Front_Main/W_SaCu_3__3"), NodePath("../Front_Main/W_SaCu_3__4"), NodePath("../Front_Main/W_SaCu_3__5"), NodePath("../Front_Main/W_SaCu_3__10"), NodePath("../Front_Main/W_SaCu_3__11"), NodePath("../Front_Main/W_SaCu_3__14"), NodePath("../Front_Main/W_SaCu_3__15"), NodePath("../Front_Main/W_SaCu_3__16"), NodePath("../Front_Main/W_SaCu_3__17"), NodePath("../Front_Main/W_SaCu_3__18"), NodePath("../Front_Main/W_SaCu_3__19"), NodePath("../Front_Main/WW_SaCu_1_"), NodePath("../Front_Main/WW_SaCu_1__2"), NodePath("../Front_Main/W_Win_1_"), NodePath("../Front_Main/W_Win_1__2") ]
_ToFadePaths = [  ]

[node name="CollisionPolygon2D" type="CollisionPolygon2D" parent="MainWallTrigger"]
polygon = PoolVector2Array( 64, -288, 576, -32, -64, 288, -576, 32 )

[node name="CorWallTrigger" parent="." instance=ExtResource( 5 )]
visible = false
position = Vector2( 1600, 672 )
_StartingEnabled = true
_ToHidePaths = [ NodePath("../Front_Cor/W_Room_"), NodePath("../Front_Cor/W_Room__2"), NodePath("../Front_Cor/W_Room__3"), NodePath("../Front_Cor/W_Room__4"), NodePath("../Front_Cor/W_Room__5"), NodePath("../Front_Cor/W_Room__6"), NodePath("../Front_Cor/W_Room__7"), NodePath("../Front_Cor/W_Room__8") ]
_ToFadePaths = [ NodePath("../Front_Main/W_SaCu_3__18"), NodePath("../Front_Main/W_SaCu_3__19") ]

[node name="CollisionPolygon2D" type="CollisionPolygon2D" parent="CorWallTrigger"]
polygon = PoolVector2Array( 256, -192, 384, -128, -256, 192, -384, 128 )

[node name="InvisiWall" type="StaticBody2D" parent="."]
position = Vector2( 1864, 608 )
collision_layer = 2
__meta__ = {
"_edit_group_": true
}

[node name="CollisionPolygon2D" type="CollisionPolygon2D" parent="InvisiWall"]
polygon = PoolVector2Array( -60, 28, 44, -24, 48, -20, -56, 32 )

[node name="YSort" type="YSort" parent="."]

[node name="Man" parent="YSort" instance=ExtResource( 9 )]
position = Vector2( 1840, 592 )
_StartingDirection = Vector2( -1, -1 )

[node name="YSort_Main" type="YSort" parent="YSort"]

[node name="Clothes_F_D" parent="YSort/YSort_Main" instance=ExtResource( 21 )]
position = Vector2( 528, 768 )

[node name="Plant2_F_D" parent="YSort/YSort_Main" instance=ExtResource( 22 )]
position = Vector2( 704, 704 )

[node name="D_White" parent="YSort/YSort_Main" instance=ExtResource( 14 )]
position = Vector2( 1280, 800 )

[node name="W_SaCu_3_" parent="YSort/YSort_Main" instance=ExtResource( 31 )]
position = Vector2( 832, 608 )

[node name="W_SaCu_3__2" parent="YSort/YSort_Main" instance=ExtResource( 31 )]
position = Vector2( 896, 640 )

[node name="W_SaCu_3__3" parent="YSort/YSort_Main" instance=ExtResource( 31 )]
position = Vector2( 960, 672 )

[node name="W_SaCu_3__4" parent="YSort/YSort_Main" instance=ExtResource( 31 )]
position = Vector2( 1024, 704 )

[node name="W_SaCu_3__5" parent="YSort/YSort_Main" instance=ExtResource( 31 )]
position = Vector2( 1088, 736 )

[node name="W_SaCu_3__6" parent="YSort/YSort_Main" instance=ExtResource( 31 )]
position = Vector2( 1152, 768 )

[node name="Sofa_B" parent="YSort/YSort_Main" instance=ExtResource( 36 )]
position = Vector2( 896, 1024 )
rotation = 3.14159
scale = Vector2( 1, -1 )

[node name="TV" parent="YSort/YSort_Main" instance=ExtResource( 35 )]
position = Vector2( 736, 928 )
rotation = 3.14159
scale = Vector2( 1, -1 )

[node name="Pouffe_1_" parent="YSort/YSort_Main" instance=ExtResource( 41 )]
position = Vector2( 700, 1044 )

[node name="CoffeeTable" parent="YSort/YSort_Main" instance=ExtResource( 40 )]
position = Vector2( 808, 992 )

[node name="Sideboard_1" parent="YSort/YSort_Main" instance=ExtResource( 37 )]
position = Vector2( 1112, 760 )
rotation = 3.14159
scale = Vector2( 1, -1 )

[node name="Candles" parent="YSort/YSort_Main/Sideboard_1" instance=ExtResource( 38 )]
position = Vector2( 16, -48 )
rotation = 3.14159
scale = Vector2( 1, -1 )

[node name="Sideboard_2" parent="YSort/YSort_Main" instance=ExtResource( 37 )]
position = Vector2( 1048, 728 )
rotation = 3.14159
scale = Vector2( 1, -1 )

[node name="Lamp_3" parent="YSort/YSort_Main/Sideboard_2" instance=ExtResource( 39 )]
position = Vector2( 16, -48 )
rotation = 3.14159
scale = Vector2( 1, -1 )

[node name="Painting2" parent="YSort/YSort_Main" instance=ExtResource( 45 )]
position = Vector2( 936, 660 )
rotation = 3.14159
scale = Vector2( 1, -1 )

[node name="lumiere" type="Sprite" parent="YSort/YSort_Main"]
position = Vector2( 784, 676 )
texture = ExtResource( 56 )

[node name="lumiere_2" type="Sprite" parent="YSort/YSort_Main"]
position = Vector2( 848, 644 )
texture = ExtResource( 56 )

[node name="IroningBoard" parent="YSort/YSort_Main" instance=ExtResource( 57 )]
position = Vector2( 1004, 896 )
rotation = 3.14159
scale = Vector2( 1, -1 )

[node name="YSort_KT" type="YSort" parent="YSort"]

[node name="TableSmall" parent="YSort/YSort_KT" instance=ExtResource( 1 )]
position = Vector2( 1148, 672 )
_START_REVEALED = true

[node name="ChairFront" parent="YSort/YSort_KT" instance=ExtResource( 29 )]
position = Vector2( 1088, 640 )
rotation = 3.14159
scale = Vector2( 1, -1 )

[node name="ChairBack" parent="YSort/YSort_KT" instance=ExtResource( 30 )]
position = Vector2( 1212, 704 )
rotation = 3.14159
scale = Vector2( 1, -1 )

[node name="D_White" parent="YSort/YSort_KT" instance=ExtResource( 14 )]
position = Vector2( 1408, 672 )
scale = Vector2( -1, 1 )

[node name="W_SaCu_2_" parent="YSort/YSort_KT" instance=ExtResource( 33 )]
position = Vector2( 1216, 416 )

[node name="W_SaCu_2__2" parent="YSort/YSort_KT" instance=ExtResource( 33 )]
position = Vector2( 1280, 448 )

[node name="W_SaCu_2__3" parent="YSort/YSort_KT" instance=ExtResource( 33 )]
position = Vector2( 1344, 480 )

[node name="W_SaCu_2__4" parent="YSort/YSort_KT" instance=ExtResource( 33 )]
position = Vector2( 1408, 512 )

[node name="W_SaCu_2__5" parent="YSort/YSort_KT" instance=ExtResource( 33 )]
position = Vector2( 1472, 544 )

[node name="W_SaCu_2__6" parent="YSort/YSort_KT" instance=ExtResource( 33 )]
position = Vector2( 1536, 576 )

[node name="SinkKT" parent="YSort/YSort_KT" instance=ExtResource( 7 )]
position = Vector2( 1280, 480 )
rotation = -3.14159
scale = Vector2( 1, -1 )
_START_REVEALED = true

[node name="KitchenCounter_B" parent="YSort/YSort_KT" instance=ExtResource( 10 )]
position = Vector2( 1344, 512 )
rotation = 3.14159
scale = Vector2( 1, -1 )

[node name="Oven" parent="YSort/YSort_KT" instance=ExtResource( 8 )]
position = Vector2( 1472, 576 )
rotation = 3.14159
scale = Vector2( 1, -1 )
_START_REVEALED = true

[node name="KitchenCounter2_B" parent="YSort/YSort_KT" instance=ExtResource( 13 )]
position = Vector2( 1536, 608 )
rotation = -3.14159
scale = Vector2( 1, -1 )

[node name="Fridge" parent="YSort/YSort_KT" instance=ExtResource( 49 )]
position = Vector2( 1216, 448 )
rotation = 3.14159
scale = Vector2( 1, -1 )

[node name="DishWasher" parent="YSort/YSort_KT" instance=ExtResource( 54 )]
position = Vector2( 1408, 544 )
rotation = 3.14159
scale = Vector2( 1, -1 )
_SpritePath = NodePath("../../YSort_KT/DishWasher/Sprite")

[node name="YSort_BR" type="YSort" parent="YSort"]

[node name="SinkBR_F_D" parent="YSort/YSort_BR" instance=ExtResource( 17 )]
position = Vector2( 1568, 352 )
rotation = 3.14159
scale = Vector2( 1, -1 )

[node name="Mirror" parent="YSort/YSort_BR/SinkBR_F_D" instance=ExtResource( 18 )]
show_behind_parent = true
position = Vector2( -20.0004, -126 )
rotation = -2.53518e-06

[node name="WC_F_D" parent="YSort/YSort_BR" instance=ExtResource( 16 )]
position = Vector2( 1664, 416 )
rotation = -3.14159
scale = Vector2( 1, -1 )

[node name="Shower_F_D" parent="YSort/YSort_BR" instance=ExtResource( 11 )]
position = Vector2( 1376, 368 )

[node name="D_White" parent="YSort/YSort_BR" instance=ExtResource( 14 )]
position = Vector2( 1728, 512 )
scale = Vector2( -1, 1 )

[node name="WashingMachine" parent="YSort/YSort_BR" instance=ExtResource( 53 )]
position = Vector2( 1268, 424 )

[node name="Sideboard_2" parent="YSort/YSort_BR" instance=ExtResource( 55 )]
position = Vector2( 1788, 452 )
rotation = 3.14159
scale = Vector2( 1, -1 )

[node name="obj_pot" type="Sprite" parent="YSort/YSort_BR/Sideboard_2"]
position = Vector2( 24, -64 )
texture = ExtResource( 52 )

[node name="YSort_Cor" type="YSort" parent="YSort"]

[node name="W_Room_" parent="YSort/YSort_Cor" instance=ExtResource( 32 )]
position = Vector2( 1856, 480 )
rotation = 3.14159
scale = Vector2( 1, -1 )

[node name="W_Room__2" parent="YSort/YSort_Cor" instance=ExtResource( 32 )]
position = Vector2( 1664, 576 )
rotation = 3.14159
scale = Vector2( 1, -1 )

[node name="W_Room__3" parent="YSort/YSort_Cor" instance=ExtResource( 32 )]
position = Vector2( 1600, 608 )
rotation = 3.14159
scale = Vector2( 1, -1 )

[node name="W_Room__4" parent="YSort/YSort_Cor" instance=ExtResource( 32 )]
position = Vector2( 1536, 640 )
rotation = 3.14159
scale = Vector2( 1, -1 )

[node name="W_Room__5" parent="YSort/YSort_Cor" instance=ExtResource( 32 )]
position = Vector2( 1344, 736 )
rotation = 3.14159
scale = Vector2( 1, -1 )

[node name="W_Room__6" parent="YSort/YSort_Cor" instance=ExtResource( 32 )]
position = Vector2( 1280, 768 )
rotation = 3.14159
scale = Vector2( 1, -1 )

[node name="Painting1" parent="YSort/YSort_Cor" instance=ExtResource( 48 )]
position = Vector2( 1568, 624 )

[node name="Front_Cor" type="Node2D" parent="."]

[node name="W_Room_" parent="Front_Cor" instance=ExtResource( 32 )]
position = Vector2( 1408, 832 )
rotation = 3.14159
scale = Vector2( 1, -1 )
_STARTING_LOWERED = true

[node name="W_Room__2" parent="Front_Cor" instance=ExtResource( 32 )]
position = Vector2( 1472, 800 )
rotation = 3.14159
scale = Vector2( 1, -1 )
_STARTING_LOWERED = true

[node name="W_Room__3" parent="Front_Cor" instance=ExtResource( 32 )]
position = Vector2( 1536, 768 )
rotation = 3.14159
scale = Vector2( 1, -1 )
_STARTING_LOWERED = true

[node name="W_Room__4" parent="Front_Cor" instance=ExtResource( 32 )]
position = Vector2( 1600, 736 )
rotation = 3.14159
scale = Vector2( 1, -1 )
_STARTING_LOWERED = true

[node name="W_Room__5" parent="Front_Cor" instance=ExtResource( 32 )]
position = Vector2( 1664, 704 )
rotation = 3.14159
scale = Vector2( 1, -1 )
_STARTING_LOWERED = true

[node name="W_Room__6" parent="Front_Cor" instance=ExtResource( 32 )]
position = Vector2( 1728, 672 )
rotation = 3.14159
scale = Vector2( 1, -1 )
_STARTING_LOWERED = true

[node name="W_Room__7" parent="Front_Cor" instance=ExtResource( 32 )]
position = Vector2( 1792, 640 )
rotation = 3.14159
scale = Vector2( 1, -1 )
_STARTING_LOWERED = true

[node name="W_Room__8" parent="Front_Cor" instance=ExtResource( 32 )]
position = Vector2( 1984, 544 )
rotation = 3.14159
scale = Vector2( 1, -1 )
_STARTING_LOWERED = true

[node name="Front_Main" type="Node2D" parent="."]

[node name="D_Coloured" parent="Front_Main" instance=ExtResource( 23 )]
position = Vector2( 1856, 580 )
scale = Vector2( -1, 1 )
_STARTING_LOWERED = true

[node name="W_SaCu_3_" parent="Front_Main" instance=ExtResource( 31 )]
position = Vector2( 576, 1120 )

[node name="W_SaCu_3__8" parent="Front_Main" instance=ExtResource( 31 )]
position = Vector2( 192, 928 )

[node name="W_SaCu_3__9" parent="Front_Main" instance=ExtResource( 31 )]
position = Vector2( 640, 1152 )

[node name="W_SaCu_3__3" parent="Front_Main" instance=ExtResource( 31 )]
position = Vector2( 384, 1024 )

[node name="W_SaCu_3__4" parent="Front_Main" instance=ExtResource( 31 )]
position = Vector2( 320, 992 )

[node name="W_SaCu_3__5" parent="Front_Main" instance=ExtResource( 31 )]
position = Vector2( 256, 960 )

[node name="W_SaCu_3__10" parent="Front_Main" instance=ExtResource( 31 )]
position = Vector2( 768, 1152 )
rotation = 3.14159
scale = Vector2( 1, -1 )

[node name="W_SaCu_3__11" parent="Front_Main" instance=ExtResource( 31 )]
position = Vector2( 832, 1120 )
rotation = 3.14159
scale = Vector2( 1, -1 )

[node name="W_SaCu_3__14" parent="Front_Main" instance=ExtResource( 31 )]
position = Vector2( 1024, 1024 )
rotation = 3.14159
scale = Vector2( 1, -1 )

[node name="W_SaCu_3__15" parent="Front_Main" instance=ExtResource( 31 )]
position = Vector2( 1088, 992 )
rotation = 3.14159
scale = Vector2( 1, -1 )

[node name="W_SaCu_3__16" parent="Front_Main" instance=ExtResource( 31 )]
position = Vector2( 1152, 960 )
rotation = 3.14159
scale = Vector2( 1, -1 )

[node name="W_SaCu_3__17" parent="Front_Main" instance=ExtResource( 31 )]
position = Vector2( 1216, 928 )
rotation = 3.14159
scale = Vector2( 1, -1 )

[node name="W_SaCu_3__18" parent="Front_Main" instance=ExtResource( 31 )]
position = Vector2( 1280, 896 )
rotation = 3.14159
scale = Vector2( 1, -1 )

[node name="W_SaCu_3__19" parent="Front_Main" instance=ExtResource( 31 )]
position = Vector2( 1344, 864 )
rotation = 3.14159
scale = Vector2( 1, -1 )

[node name="WW_SaCu_1_" parent="Front_Main" instance=ExtResource( 27 )]
position = Vector2( 960, 1056 )
rotation = 3.14159
scale = Vector2( 1, -1 )

[node name="WW_SaCu_1__2" parent="Front_Main" instance=ExtResource( 27 )]
position = Vector2( 896, 1088 )
rotation = 3.14159
scale = Vector2( 1, -1 )

[node name="W_Win_1_" parent="Front_Main" instance=ExtResource( 34 )]
position = Vector2( 448, 1056 )

[node name="W_Win_1__2" parent="Front_Main" instance=ExtResource( 34 )]
position = Vector2( 512, 1088 )

[node name="CameraRig" parent="." instance=ExtResource( 4 )]
position = Vector2( 1840, 592 )
