[gd_scene load_steps=14 format=2]

[ext_resource path="res://Graphics/UI/Fonts/Chilanka-Regular.ttf" type="DynamicFontData" id=1]
[ext_resource path="res://Scenes/UI/Resources.tscn" type="PackedScene" id=2]
[ext_resource path="res://Graphics/UI/ecran_menu.png" type="Texture" id=3]
[ext_resource path="res://Graphics/UI/Keys/Keyboard_White_Enter_Alt.png" type="Texture" id=4]
[ext_resource path="res://Scenes/UI/CreditsMenu.tscn" type="PackedScene" id=5]
[ext_resource path="res://Scripts/ui/TitleScreen.cs" type="Script" id=6]
[ext_resource path="res://Resources/Themes/title_screen_buttons.tres" type="Theme" id=7]
[ext_resource path="res://Graphics/UI/ecran_deverouillage.png" type="Texture" id=8]
[ext_resource path="res://Scenes/UI/SettingsMenu.tscn" type="PackedScene" id=9]
[ext_resource path="res://Audio/menuACB.wav" type="AudioStream" id=10]

[sub_resource type="Animation" id=1]
resource_name = "start"
tracks/0/type = "value"
tracks/0/path = NodePath("MarginContainer/Control/HBoxContainer_2/PressStart:modulate")
tracks/0/interp = 1
tracks/0/loop_wrap = true
tracks/0/imported = false
tracks/0/enabled = true
tracks/0/keys = {
"times": PoolRealArray( 0, 0.75 ),
"transitions": PoolRealArray( 1, 2 ),
"update": 0,
"values": [ Color( 1, 1, 1, 0 ), Color( 1, 1, 1, 1 ) ]
}

[sub_resource type="Animation" id=2]
resource_name = "start_pressed"
length = 0.25
tracks/0/type = "value"
tracks/0/path = NodePath("MarginContainer/Control/HBoxContainer_2/PressStart:modulate")
tracks/0/interp = 1
tracks/0/loop_wrap = true
tracks/0/imported = false
tracks/0/enabled = true
tracks/0/keys = {
"times": PoolRealArray( 0, 0.13 ),
"transitions": PoolRealArray( 1, 1 ),
"update": 0,
"values": [ Color( 1, 1, 1, 1 ), Color( 1, 1, 1, 0 ) ]
}
tracks/1/type = "value"
tracks/1/path = NodePath("MarginContainer/Control/HBoxContainer:modulate")
tracks/1/interp = 1
tracks/1/loop_wrap = true
tracks/1/imported = false
tracks/1/enabled = true
tracks/1/keys = {
"times": PoolRealArray( 0.13, 0.25 ),
"transitions": PoolRealArray( 1, 1 ),
"update": 0,
"values": [ Color( 1, 1, 1, 0 ), Color( 1, 1, 1, 1 ) ]
}

[sub_resource type="DynamicFont" id=3]
size = 60
extra_spacing_top = 16
font_data = ExtResource( 1 )

[node name="TitleScreen" type="TextureRect"]
pause_mode = 2
anchor_right = 1.0
anchor_bottom = 1.0
texture = ExtResource( 8 )
expand = true
stretch_mode = 7
script = ExtResource( 6 )
__meta__ = {
"_edit_use_anchors_": false
}
_FirstButtonPath = NodePath("../TitleScreen/MarginContainer/Control/HBoxContainer/Play")
_PressStartPath = NodePath("MarginContainer/Control/HBoxContainer_2")
_MenuContainerPath = NodePath("../TitleScreen/MarginContainer/Control/HBoxContainer")
_AnimationPlayerPath = NodePath("../TitleScreen/AnimationPlayer")
_Locked = ExtResource( 8 )
_Unlocked = ExtResource( 3 )

[node name="MusicPlayer" type="AudioStreamPlayer" parent="."]
stream = ExtResource( 10 )
autoplay = true
bus = "Music"

[node name="AnimationPlayer" type="AnimationPlayer" parent="."]
autoplay = "start"
anims/start = SubResource( 1 )
anims/start_pressed = SubResource( 2 )

[node name="MarginContainer" type="MarginContainer" parent="."]
anchor_right = 1.0
anchor_bottom = 1.0
custom_constants/margin_right = 54
custom_constants/margin_top = 96
custom_constants/margin_left = 54
custom_constants/margin_bottom = 96
__meta__ = {
"_edit_use_anchors_": false
}

[node name="Control" type="Control" parent="MarginContainer"]
margin_left = 54.0
margin_top = 96.0
margin_right = 1866.0
margin_bottom = 984.0

[node name="HBoxContainer" type="HBoxContainer" parent="MarginContainer/Control"]
visible = false
modulate = Color( 1, 1, 1, 0 )
anchor_left = 0.5
anchor_top = 1.0
anchor_right = 0.5
anchor_bottom = 1.0
margin_left = -691.5
margin_top = -192.0
margin_right = 691.5
margin_bottom = -192.0
rect_min_size = Vector2( 192, 128 )
custom_constants/separation = 96
__meta__ = {
"_edit_use_anchors_": false
}

[node name="Play" type="Button" parent="MarginContainer/Control/HBoxContainer"]
margin_right = 196.0
margin_bottom = 128.0
rect_min_size = Vector2( 196, 96 )
focus_neighbour_left = NodePath("../Exit")
theme = ExtResource( 7 )
text = "UI_PLAY"
__meta__ = {
"_editor_description_": ""
}

[node name="Settings" type="Button" parent="MarginContainer/Control/HBoxContainer"]
margin_left = 292.0
margin_right = 574.0
margin_bottom = 128.0
rect_min_size = Vector2( 192, 128 )
theme = ExtResource( 7 )
text = "UI_SETTINGS"

[node name="Resources" type="Button" parent="MarginContainer/Control/HBoxContainer"]
margin_left = 670.0
margin_right = 996.0
margin_bottom = 128.0
rect_min_size = Vector2( 192, 128 )
theme = ExtResource( 7 )
text = "UI_RESOURCES"

[node name="Credits" type="Button" parent="MarginContainer/Control/HBoxContainer"]
margin_left = 1092.0
margin_right = 1334.0
margin_bottom = 128.0
rect_min_size = Vector2( 192, 128 )
theme = ExtResource( 7 )
text = "UI_CREDITS"

[node name="Exit" type="Button" parent="MarginContainer/Control/HBoxContainer"]
margin_left = 1430.0
margin_right = 1626.0
margin_bottom = 128.0
rect_min_size = Vector2( 196, 96 )
focus_neighbour_right = NodePath("../Play")
theme = ExtResource( 7 )
text = "UI_EXIT"
__meta__ = {
"_editor_description_": ""
}

[node name="HBoxContainer_2" type="HBoxContainer" parent="MarginContainer/Control"]
anchor_left = 0.5
anchor_top = 1.0
anchor_right = 0.5
anchor_bottom = 1.0
margin_left = -192.0
margin_top = -128.0
margin_right = 192.0
rect_min_size = Vector2( 384, 0 )
size_flags_horizontal = 4
size_flags_vertical = 4
alignment = 1
__meta__ = {
"_edit_use_anchors_": false
}

[node name="PressStart" type="Label" parent="MarginContainer/Control/HBoxContainer_2"]
modulate = Color( 1, 1, 1, 0 )
margin_left = 2.0
margin_right = 277.0
margin_bottom = 128.0
rect_min_size = Vector2( 128, 128 )
custom_fonts/font = SubResource( 3 )
custom_colors/font_color = Color( 0, 0, 0, 1 )
text = "UI_START"
valign = 1
__meta__ = {
"_edit_group_": true,
"_edit_use_anchors_": false
}

[node name="Enter" type="TextureRect" parent="MarginContainer/Control/HBoxContainer_2"]
margin_left = 281.0
margin_top = 14.0
margin_right = 381.0
margin_bottom = 114.0
size_flags_vertical = 4
texture = ExtResource( 4 )
__meta__ = {
"_edit_use_anchors_": false
}

[node name="SettingsMenu" parent="MarginContainer" instance=ExtResource( 9 )]
visible = false
anchor_left = 0.0
anchor_top = 0.0
anchor_right = 0.0
anchor_bottom = 0.0
margin_left = 576.0
margin_top = 124.0
margin_right = 1344.0
margin_bottom = 956.0

[node name="CreditsMenu" parent="." instance=ExtResource( 5 )]
visible = false

[node name="Resources" parent="." instance=ExtResource( 2 )]
visible = false
[connection signal="pressed" from="MarginContainer/Control/HBoxContainer/Play" to="." method="OnPlayPressed"]
[connection signal="pressed" from="MarginContainer/Control/HBoxContainer/Settings" to="." method="OnSettingsPressed"]
[connection signal="pressed" from="MarginContainer/Control/HBoxContainer/Settings" to="MarginContainer/SettingsMenu" method="OnUIRequestSettings"]
[connection signal="pressed" from="MarginContainer/Control/HBoxContainer/Resources" to="." method="OnResourcesPressed"]
[connection signal="pressed" from="MarginContainer/Control/HBoxContainer/Resources" to="Resources" method="OnUIRequestResources"]
[connection signal="pressed" from="MarginContainer/Control/HBoxContainer/Credits" to="." method="OnCreditsPressed"]
[connection signal="pressed" from="MarginContainer/Control/HBoxContainer/Credits" to="CreditsMenu" method="OnUIRequestCredits"]
[connection signal="pressed" from="MarginContainer/Control/HBoxContainer/Exit" to="." method="OnExitPressed"]
[connection signal="Closing" from="MarginContainer/SettingsMenu" to="." method="OnSettingsMenuClosing"]
[connection signal="Closing" from="CreditsMenu" to="." method="OnCreditsMenuClosing"]
[connection signal="Closing" from="Resources" to="." method="OnResourcesMenuClosing"]
